[{"date": "2022-06-30", "symbol": "CSX", "reportedCurrency": "USD", "cik": "0000277948", "fillingDate": "2022-07-21", "acceptedDate": "2022-07-20 17:45:35", "calendarYear": "2022", "period": "Q2", "revenue": 3815000000, "costOfRevenue": 2241000000, "grossProfit": 1574000000, "grossProfitRatio": 0.4125819134993447, "researchAndDevelopmentExpenses": 0.0, "generalAndAdministrativeExpenses": 0.0, "sellingAndMarketingExpenses": 0.0, "sellingGeneralAndAdministrativeExpenses": 0.0, "otherExpenses": 26000000, "operatingExpenses": 0.0, "costAndExpenses": 2241000000, "interestIncome": 0.0, "interestExpense": 171000000, "depreciationAndAmortization": 369000000, "ebitda": 2098000000, "ebitdaratio": 0.5499344692005242, "operatingIncome": 1703000000, "operatingIncomeRatio": 0.44639580602883355, "totalOtherIncomeExpensesNet": -145000000, "incomeBeforeTax": 1558000000, "incomeBeforeTaxRatio": 0.40838794233289644, "incomeTaxExpense": 380000000, "netIncome": 1178000000, "netIncomeRatio": 0.308781127129751, "eps": 0.550148, "epsdiluted": 0.54, "weightedAverageShsOut": 2141241136, "weightedAverageShsOutDil": 2163000000, "link": "https://www.sec.gov/Archives/edgar/data/277948/000027794822000034/0000277948-22-000034-index.htm", "finalLink": "https://www.sec.gov/Archives/edgar/data/277948/000027794822000034/csx-20220630.htm"}, {"date": "2022-03-31", "symbol": "CSX", "reportedCurrency": "USD", "cik": "0000277948", "fillingDate": "2022-04-21", "acceptedDate": "2022-04-20 17:34:53", "calendarYear": "2022", "period": "Q1", "revenue": 3413000000, "costOfRevenue": 2158000000, "grossProfit": 1255000000, "grossProfitRatio": 0.36771169059478465, "researchAndDevelopmentExpenses": 0.0, "generalAndAdministrativeExpenses": 0.0, "sellingAndMarketingExpenses": 0.0, "sellingGeneralAndAdministrativeExpenses": 0.0, "otherExpenses": 26000000, "operatingExpenses": 0.0, "costAndExpenses": 2158000000, "interestIncome": 0.0, "interestExpense": 179000000, "depreciationAndAmortization": 360000000, "ebitda": 1668000000, "ebitdaratio": 0.4887196015235863, "operatingIncome": 1282000000, "operatingIncomeRatio": 0.37562261939642544, "totalOtherIncomeExpensesNet": -153000000, "incomeBeforeTax": 1129000000, "incomeBeforeTaxRatio": 0.33079402285379433, "incomeTaxExpense": 270000000, "netIncome": 859000000, "netIncomeRatio": 0.25168473483738646, "eps": 0.395077, "epsdiluted": 0.39, "weightedAverageShsOut": 2174259952, "weightedAverageShsOutDil": 2193000000, "link": "https://www.sec.gov/Archives/edgar/data/277948/000027794822000020/0000277948-22-000020-index.htm", "finalLink": "https://www.sec.gov/Archives/edgar/data/277948/000027794822000020/csx-20220331.htm"}, {"date": "2021-12-31", "symbol": "CSX", "reportedCurrency": "USD", "cik": "0000277948", "fillingDate": "2022-02-16", "acceptedDate": "2022-02-16 14:53:10", "calendarYear": "2021", "period": "Q4", "revenue": 3427000000, "costOfRevenue": 2085000000, "grossProfit": 1342000000, "grossProfitRatio": 0.39159614823460753, "researchAndDevelopmentExpenses": 0.0, "generalAndAdministrativeExpenses": 0.0, "sellingAndMarketingExpenses": 0.0, "sellingGeneralAndAdministrativeExpenses": 0.0, "otherExpenses": 12000000, "operatingExpenses": 0.0, "costAndExpenses": 2085000000, "interestIncome": 0, "interestExpense": 180000000, "depreciationAndAmortization": 360000000, "ebitda": 1745000000, "ebitdaratio": 0.509191712868398, "operatingIncome": 1366000000, "operatingIncomeRatio": 0.39859935803910124, "totalOtherIncomeExpensesNet": -161000000, "incomeBeforeTax": 1205000000, "incomeBeforeTaxRatio": 0.35161949226728917, "incomeTaxExpense": 271000000, "netIncome": 934000000, "netIncomeRatio": 0.2725415815582142, "eps": 0.42416, "epsdiluted": 0.42, "weightedAverageShsOut": 2202000000, "weightedAverageShsOutDil": 2217000000, "link": "https://www.sec.gov/Archives/edgar/data/277948/000027794822000009/0000277948-22-000009-index.htm", "finalLink": "https://www.sec.gov/Archives/edgar/data/277948/000027794822000009/csx-20211231.htm"}, {"date": "2021-09-30", "symbol": "CSX", "reportedCurrency": "USD", "cik": "0000277948", "fillingDate": "2021-10-21", "acceptedDate": "2021-10-20 17:37:53", "calendarYear": "2021", "period": "Q3", "revenue": 3292000000, "costOfRevenue": 1916000000, "grossProfit": 1376000000, "grossProfitRatio": 0.41798298906439857, "researchAndDevelopmentExpenses": 0.0, "generalAndAdministrativeExpenses": 0.0, "sellingAndMarketingExpenses": 0.0, "sellingGeneralAndAdministrativeExpenses": 0.0, "otherExpenses": 20000000, "operatingExpenses": 0.0, "costAndExpenses": 1916000000, "interestIncome": 0.0, "interestExpense": 177000000, "depreciationAndAmortization": 367000000, "ebitda": 1823000000, "ebitdaratio": 0.5537667071688943, "operatingIncome": 1436000000, "operatingIncomeRatio": 0.4362089914945322, "totalOtherIncomeExpensesNet": -157000000, "incomeBeforeTax": 1279000000, "incomeBeforeTaxRatio": 0.3885176184690158, "incomeTaxExpense": 311000000, "netIncome": 968000000, "netIncomeRatio": 0.29404617253948967, "eps": 0.436432, "epsdiluted": 0.43, "weightedAverageShsOut": 2217983411, "weightedAverageShsOutDil": 2242000000, "link": "https://www.sec.gov/Archives/edgar/data/277948/000027794821000050/0000277948-21-000050-index.htm", "finalLink": "https://www.sec.gov/Archives/edgar/data/277948/000027794821000050/csx-20210930.htm"}, {"date": "2021-06-30", "symbol": "CSX", "reportedCurrency": "USD", "cik": "0000277948", "fillingDate": "2021-07-22", "acceptedDate": "2021-07-21 17:49:33", "calendarYear": "2021", "period": "Q2", "revenue": 2990000000, "costOfRevenue": 1666000000, "grossProfit": 1324000000, "grossProfitRatio": 0.442809364548495, "researchAndDevelopmentExpenses": 0.0, "generalAndAdministrativeExpenses": 0.0, "sellingAndMarketingExpenses": 0.0, "sellingGeneralAndAdministrativeExpenses": 0.0, "otherExpenses": 20000000, "operatingExpenses": 0.0, "costAndExpenses": 1666000000, "interestIncome": 0.0, "interestExpense": 181000000, "depreciationAndAmortization": 348000000, "ebitda": 2059000000, "ebitdaratio": 0.688628762541806, "operatingIncome": 1691000000, "operatingIncomeRatio": 0.565551839464883, "totalOtherIncomeExpensesNet": -161000000, "incomeBeforeTax": 1530000000, "incomeBeforeTaxRatio": 0.5117056856187291, "incomeTaxExpense": 357000000, "netIncome": 1173000000, "netIncomeRatio": 0.3923076923076923, "eps": 0.520294, "epsdiluted": 0.52, "weightedAverageShsOut": 2254495910, "weightedAverageShsOutDil": 2275000000, "link": "https://www.sec.gov/Archives/edgar/data/277948/000027794821000041/0000277948-21-000041-index.htm", "finalLink": "https://www.sec.gov/Archives/edgar/data/277948/000027794821000041/csx-20210630.htm"}, {"date": "2021-03-31", "symbol": "CSX", "reportedCurrency": "USD", "cik": "0000277948", "fillingDate": "2021-04-21", "acceptedDate": "2021-04-20 17:52:42", "calendarYear": "2021", "period": "Q1", "revenue": 2813000000, "costOfRevenue": 1712000000, "grossProfit": 1101000000, "grossProfitRatio": 0.3913970849626733, "researchAndDevelopmentExpenses": 0.0, "generalAndAdministrativeExpenses": 0.0, "sellingAndMarketingExpenses": 0.0, "sellingGeneralAndAdministrativeExpenses": 0.0, "otherExpenses": 20000000, "operatingExpenses": 0.0, "costAndExpenses": 1712000000, "interestIncome": 0.0, "interestExpense": 184000000, "depreciationAndAmortization": 345000000, "ebitda": 1466000000, "ebitdaratio": 0.5211517952364024, "operatingIncome": 1101000000, "operatingIncomeRatio": 0.3913970849626733, "totalOtherIncomeExpensesNet": -164000000, "incomeBeforeTax": 937000000, "incomeBeforeTaxRatio": 0.33309633842872377, "incomeTaxExpense": 231000000, "netIncome": 706000000, "netIncomeRatio": 0.2509776039815144, "eps": 0.310712, "epsdiluted": 0.31, "weightedAverageShsOut": 2272200648, "weightedAverageShsOutDil": 2286000000, "link": "https://www.sec.gov/Archives/edgar/data/277948/000027794821000024/0000277948-21-000024-index.htm", "finalLink": "https://www.sec.gov/Archives/edgar/data/277948/000027794821000024/csx-20210331.htm"}, {"date": "2020-12-31", "symbol": "CSX", "reportedCurrency": "USD", "cik": "0000277948", "fillingDate": "2021-02-10", "acceptedDate": "2021-02-10 14:43:02", "calendarYear": "2020", "period": "Q4", "revenue": 2825000000, "costOfRevenue": 1610000000, "grossProfit": 1215000000, "grossProfitRatio": 0.4300884955752212, "researchAndDevelopmentExpenses": 0.0, "generalAndAdministrativeExpenses": 0.0, "sellingAndMarketingExpenses": 0.0, "sellingGeneralAndAdministrativeExpenses": 0.0, "otherExpenses": -1000000.0, "operatingExpenses": 0.0, "costAndExpenses": 1610000000, "interestIncome": 0.0, "interestExpense": 189000000, "depreciationAndAmortization": 347000000, "ebitda": 1530000000, "ebitdaratio": 0.5415929203539823, "operatingIncome": 1215000000, "operatingIncomeRatio": 0.4300884955752212, "totalOtherIncomeExpensesNet": -221000000, "incomeBeforeTax": 994000000, "incomeBeforeTaxRatio": 0.351858407079646, "incomeTaxExpense": 234000000, "netIncome": 760000000, "netIncomeRatio": 0.26902654867256637, "eps": 0.332023, "epsdiluted": 0.33, "weightedAverageShsOut": 2289000000, "weightedAverageShsOutDil": 2298000000, "link": "https://www.sec.gov/Archives/edgar/data/277948/000027794821000014/0000277948-21-000014-index.htm", "finalLink": "https://www.sec.gov/Archives/edgar/data/277948/000027794821000014/csx-20201231.htm"}, {"date": "2020-09-30", "symbol": "CSX", "reportedCurrency": "USD", "cik": "0000277948", "fillingDate": "2020-10-22", "acceptedDate": "2020-10-21 17:55:27", "calendarYear": "2020", "period": "Q3", "revenue": 2648000000, "costOfRevenue": 1507000000, "grossProfit": 1141000000, "grossProfitRatio": 0.43089123867069484, "researchAndDevelopmentExpenses": 0.0, "generalAndAdministrativeExpenses": 0.0, "sellingAndMarketingExpenses": 0.0, "sellingGeneralAndAdministrativeExpenses": 0.0, "otherExpenses": 14000000, "operatingExpenses": 0.0, "costAndExpenses": 1507000000, "interestIncome": 0.0, "interestExpense": 187000000, "depreciationAndAmortization": 348000000, "ebitda": 1503000000, "ebitdaratio": 0.5675981873111783, "operatingIncome": 1141000000, "operatingIncomeRatio": 0.43089123867069484, "totalOtherIncomeExpensesNet": -173000000, "incomeBeforeTax": 968000000, "incomeBeforeTaxRatio": 0.36555891238670696, "incomeTaxExpense": 232000000, "netIncome": 736000000, "netIncomeRatio": 0.27794561933534745, "eps": 0.320792, "epsdiluted": 0.32, "weightedAverageShsOut": 2294324874, "weightedAverageShsOutDil": 2301000000, "link": "https://www.sec.gov/Archives/edgar/data/277948/000027794820000048/0000277948-20-000048-index.htm", "finalLink": "https://www.sec.gov/Archives/edgar/data/277948/000027794820000048/csx-20200930.htm"}, {"date": "2020-06-30", "symbol": "CSX", "reportedCurrency": "USD", "cik": "0000277948", "fillingDate": "2020-07-23", "acceptedDate": "2020-07-22 18:12:19", "calendarYear": "2020", "period": "Q2", "revenue": 2255000000, "costOfRevenue": 1427000000, "grossProfit": 828000000, "grossProfitRatio": 0.3671840354767184, "researchAndDevelopmentExpenses": 0.0, "generalAndAdministrativeExpenses": 0.0, "sellingAndMarketingExpenses": 0.0, "sellingGeneralAndAdministrativeExpenses": 0.0, "otherExpenses": 15000000, "operatingExpenses": 0.0, "costAndExpenses": 1427000000, "interestIncome": 0.0, "interestExpense": 191000000, "depreciationAndAmortization": 344000000, "ebitda": 1187000000, "ebitdaratio": 0.5263858093126386, "operatingIncome": 828000000, "operatingIncomeRatio": 0.3671840354767184, "totalOtherIncomeExpensesNet": -176000000, "incomeBeforeTax": 652000000, "incomeBeforeTaxRatio": 0.2891352549889135, "incomeTaxExpense": 153000000, "netIncome": 499000000, "netIncomeRatio": 0.2212860310421286, "eps": 0.217414, "epsdiluted": 0.216667, "weightedAverageShsOut": 2295157647, "weightedAverageShsOutDil": 2301000000, "link": "https://www.sec.gov/Archives/edgar/data/277948/000027794820000032/0000277948-20-000032-index.htm", "finalLink": "https://www.sec.gov/Archives/edgar/data/277948/000027794820000032/csx-20200630.htm"}, {"date": "2020-03-31", "symbol": "CSX", "reportedCurrency": "USD", "cik": "0000277948", "fillingDate": "2020-04-23", "acceptedDate": "2020-04-22 17:49:10", "calendarYear": "2020", "period": "Q1", "revenue": 2855000000, "costOfRevenue": 1677000000, "grossProfit": 1178000000, "grossProfitRatio": 0.4126094570928196, "researchAndDevelopmentExpenses": 0.0, "generalAndAdministrativeExpenses": 0.0, "sellingAndMarketingExpenses": 0.0, "sellingGeneralAndAdministrativeExpenses": 0.0, "otherExpenses": 1677000000, "operatingExpenses": 1677000000, "costAndExpenses": 1677000000, "interestIncome": 0.0, "interestExpense": 187000000, "depreciationAndAmortization": 344000000, "ebitda": 1544000000, "ebitdaratio": 0.5408056042031524, "operatingIncome": 1178000000, "operatingIncomeRatio": 0.4126094570928196, "totalOtherIncomeExpensesNet": -165000000, "incomeBeforeTax": 1013000000, "incomeBeforeTaxRatio": 0.35481611208406305, "incomeTaxExpense": 243000000, "netIncome": 770000000, "netIncomeRatio": 0.26970227670753066, "eps": 0.335308, "epsdiluted": 0.333333, "weightedAverageShsOut": 2296397682, "weightedAverageShsOutDil": 2319000000, "link": "https://www.sec.gov/Archives/edgar/data/277948/000027794820000014/0000277948-20-000014-index.htm", "finalLink": "https://www.sec.gov/Archives/edgar/data/277948/000027794820000008/csx-12312019x10k.htm"}, {"date": "2019-12-31", "symbol": "CSX", "reportedCurrency": "USD", "cik": "0000277948", "fillingDate": "2020-02-12", "acceptedDate": "2020-02-12 16:22:04", "calendarYear": "2019", "period": "Q4", "revenue": 2885000000, "costOfRevenue": 1755000000, "grossProfit": 1130000000, "grossProfitRatio": 0.39168110918544197, "researchAndDevelopmentExpenses": 0.0, "generalAndAdministrativeExpenses": 0.0, "sellingAndMarketingExpenses": 0.0, "sellingGeneralAndAdministrativeExpenses": 0.0, "otherExpenses": 1731000000, "operatingExpenses": 1731000000, "costAndExpenses": 1755000000, "interestIncome": 0.0, "interestExpense": 189000000, "depreciationAndAmortization": 344000000, "ebitda": 1514000000, "ebitdaratio": 0.5247833622183709, "operatingIncome": 1154000000, "operatingIncomeRatio": 0.4, "totalOtherIncomeExpensesNet": -173000000, "incomeBeforeTax": 981000000, "incomeBeforeTaxRatio": 0.34003466204506066, "incomeTaxExpense": 210000000, "netIncome": 771000000, "netIncomeRatio": 0.26724436741767765, "eps": 0.332471, "epsdiluted": 0.33, "weightedAverageShsOut": 2319000000, "weightedAverageShsOutDil": 2334000000, "link": "https://www.sec.gov/Archives/edgar/data/277948/000027794820000008/0000277948-20-000008-index.htm", "finalLink": "https://www.sec.gov/Archives/edgar/data/277948/000027794820000008/csx-12312019x10k.htm"}, {"date": "2019-09-30", "symbol": "CSX", "reportedCurrency": "USD", "cik": "0000277948", "fillingDate": "2019-10-17", "acceptedDate": "2019-10-16 18:01:54", "calendarYear": "2019", "period": "Q3", "revenue": 2978000000, "costOfRevenue": 1718000000, "grossProfit": 1260000000, "grossProfitRatio": 0.4231027535258563, "researchAndDevelopmentExpenses": 0.0, "generalAndAdministrativeExpenses": 0.0, "sellingAndMarketingExpenses": 0.0, "sellingGeneralAndAdministrativeExpenses": 0.0, "otherExpenses": 1691000000, "operatingExpenses": 1691000000, "costAndExpenses": 1718000000, "interestIncome": 0.0, "interestExpense": 186000000, "depreciationAndAmortization": 338000000, "ebitda": 1649000000, "ebitdaratio": 0.5537273337810611, "operatingIncome": 1287000000, "operatingIncomeRatio": 0.43216924110141036, "totalOtherIncomeExpensesNet": -162000000, "incomeBeforeTax": 1125000000, "incomeBeforeTaxRatio": 0.37777031564808594, "incomeTaxExpense": 269000000, "netIncome": 856000000, "netIncomeRatio": 0.28744123572867697, "eps": 0.364719, "epsdiluted": 0.36, "weightedAverageShsOut": 2347009638, "weightedAverageShsOutDil": 2376000000, "link": "https://www.sec.gov/Archives/edgar/data/277948/000027794819000047/0000277948-19-000047-index.htm", "finalLink": "https://www.sec.gov/Archives/edgar/data/277948/000027794819000047/csx09301910-q.htm"}, {"date": "2019-06-30", "symbol": "CSX", "reportedCurrency": "USD", "cik": "0000277948", "fillingDate": "2019-07-17", "acceptedDate": "2019-07-16 17:54:06", "calendarYear": "2019", "period": "Q2", "revenue": 3061000000, "costOfRevenue": 1777000000, "grossProfit": 1284000000, "grossProfitRatio": 0.4194707611891539, "researchAndDevelopmentExpenses": 0.0, "generalAndAdministrativeExpenses": 0.0, "sellingAndMarketingExpenses": 0.0, "sellingGeneralAndAdministrativeExpenses": 0.0, "otherExpenses": 1756000000, "operatingExpenses": 1756000000, "costAndExpenses": 1777000000, "interestIncome": 0.0, "interestExpense": 184000000, "depreciationAndAmortization": 337000000, "ebitda": 1667000000, "ebitdaratio": 0.5445932701731461, "operatingIncome": 1305000000, "operatingIncomeRatio": 0.4263312642927148, "totalOtherIncomeExpensesNet": -159000000, "incomeBeforeTax": 1146000000, "incomeBeforeTaxRatio": 0.3743874550800392, "incomeTaxExpense": 276000000, "netIncome": 870000000, "netIncomeRatio": 0.2842208428618099, "eps": 0.363328, "epsdiluted": 0.36, "weightedAverageShsOut": 2394527424, "weightedAverageShsOutDil": 2421000000, "link": "https://www.sec.gov/Archives/edgar/data/277948/000027794819000036/0000277948-19-000036-index.htm", "finalLink": "https://www.sec.gov/Archives/edgar/data/277948/000027794819000036/csx06301910-q.htm"}, {"date": "2019-03-31", "symbol": "CSX", "reportedCurrency": "USD", "cik": "0000277948", "fillingDate": "2019-04-17", "acceptedDate": "2019-04-16 17:43:07", "calendarYear": "2019", "period": "Q1", "revenue": 3013000000, "costOfRevenue": 1813000000, "grossProfit": 1200000000, "grossProfitRatio": 0.39827414537006306, "researchAndDevelopmentExpenses": 0.0, "generalAndAdministrativeExpenses": 0.0, "sellingAndMarketingExpenses": 0.0, "sellingGeneralAndAdministrativeExpenses": 0.0, "otherExpenses": 1794000000, "operatingExpenses": 1794000000, "costAndExpenses": 1813000000, "interestIncome": 0.0, "interestExpense": 178000000, "depreciationAndAmortization": 330000000, "ebitda": 1572000000, "ebitdaratio": 0.5217391304347826, "operatingIncome": 1219000000, "operatingIncomeRatio": 0.40458015267175573, "totalOtherIncomeExpensesNet": -155000000, "incomeBeforeTax": 1064000000, "incomeBeforeTaxRatio": 0.35313640889478926, "incomeTaxExpense": 230000000, "netIncome": 834000000, "netIncomeRatio": 0.2768005310321938, "eps": 0.343565, "epsdiluted": 0.34, "weightedAverageShsOut": 2427490998, "weightedAverageShsOutDil": 2451000000, "link": "https://www.sec.gov/Archives/edgar/data/277948/000027794819000022/0000277948-19-000022-index.htm", "finalLink": "https://www.sec.gov/Archives/edgar/data/277948/000027794819000011/csx-12312018x10k.htm"}, {"date": "2018-12-31", "symbol": "CSX", "reportedCurrency": "USD", "cik": "0000277948", "fillingDate": "2019-02-06", "acceptedDate": "2019-02-06 14:15:56", "calendarYear": "2018", "period": "Q4", "revenue": 3143000000, "costOfRevenue": 1911000000, "grossProfit": 1232000000, "grossProfitRatio": 0.39198218262806234, "researchAndDevelopmentExpenses": 0.0, "generalAndAdministrativeExpenses": 0.0, "sellingAndMarketingExpenses": 0.0, "sellingGeneralAndAdministrativeExpenses": 0.0, "otherExpenses": 1894000000, "operatingExpenses": 1894000000, "costAndExpenses": 1911000000, "interestIncome": 0.0, "interestExpense": 171000000, "depreciationAndAmortization": 345000000, "ebitda": 1614000000, "ebitdaratio": 0.513522112631244, "operatingIncome": 1249000000, "operatingIncomeRatio": 0.39739102768055995, "totalOtherIncomeExpensesNet": -151000000, "incomeBeforeTax": 1098000000, "incomeBeforeTaxRatio": 0.34934775692014, "incomeTaxExpense": 255000000, "netIncome": 843000000, "netIncomeRatio": 0.2682150811326758, "eps": 0.343521, "epsdiluted": 0.336667, "weightedAverageShsOut": 2454000000, "weightedAverageShsOutDil": 2499000000, "link": "https://www.sec.gov/Archives/edgar/data/277948/000027794819000011/0000277948-19-000011-index.htm", "finalLink": "https://www.sec.gov/Archives/edgar/data/277948/000027794819000011/csx-12312018x10k.htm"}, {"date": "2018-09-30", "symbol": "CSX", "reportedCurrency": "USD", "cik": "0000277948", "fillingDate": "2018-10-17", "acceptedDate": "2018-10-16 17:49:10", "calendarYear": "2018", "period": "Q3", "revenue": 3129000000, "costOfRevenue": 1860000000, "grossProfit": 1269000000, "grossProfitRatio": 0.4055608820709492, "researchAndDevelopmentExpenses": 0.0, "generalAndAdministrativeExpenses": 0.0, "sellingAndMarketingExpenses": 0.0, "sellingGeneralAndAdministrativeExpenses": 0.0, "otherExpenses": 1836000000, "operatingExpenses": 1836000000, "costAndExpenses": 1860000000, "interestIncome": 0.0, "interestExpense": 162000000, "depreciationAndAmortization": 334000000, "ebitda": 1646000000, "ebitdaratio": 0.5260466602748481, "operatingIncome": 1293000000, "operatingIncomeRatio": 0.41323106423777567, "totalOtherIncomeExpensesNet": -143000000, "incomeBeforeTax": 1150000000, "incomeBeforeTaxRatio": 0.36752956216043464, "incomeTaxExpense": 256000000, "netIncome": 894000000, "netIncomeRatio": 0.2857142857142857, "eps": 0.352905, "epsdiluted": 0.35, "weightedAverageShsOut": 2533261083, "weightedAverageShsOutDil": 2562000000, "link": "https://www.sec.gov/Archives/edgar/data/277948/000027794818000050/0000277948-18-000050-index.htm", "finalLink": "https://www.sec.gov/Archives/edgar/data/277948/000027794818000050/csx09301810-q.htm"}, {"date": "2018-06-30", "symbol": "CSX", "reportedCurrency": "USD", "cik": "0000277948", "fillingDate": "2018-07-18", "acceptedDate": "2018-07-17 17:49:10", "calendarYear": "2018", "period": "Q2", "revenue": 3102000000, "costOfRevenue": 1849000000, "grossProfit": 1253000000, "grossProfitRatio": 0.403932946486138, "researchAndDevelopmentExpenses": 0.0, "generalAndAdministrativeExpenses": 0.0, "sellingAndMarketingExpenses": 0.0, "sellingGeneralAndAdministrativeExpenses": 0.0, "otherExpenses": 1819000000, "operatingExpenses": 1819000000, "costAndExpenses": 1849000000, "interestIncome": 0.0, "interestExpense": 157000000, "depreciationAndAmortization": 329000000, "ebitda": 1630000000, "ebitdaratio": 0.5254674403610574, "operatingIncome": 1283000000, "operatingIncomeRatio": 0.4136041263700838, "totalOtherIncomeExpensesNet": -139000000, "incomeBeforeTax": 1144000000, "incomeBeforeTaxRatio": 0.36879432624113473, "incomeTaxExpense": 267000000, "netIncome": 877000000, "netIncomeRatio": 0.28272082527401676, "eps": 0.340393, "epsdiluted": 0.336667, "weightedAverageShsOut": 2576431671, "weightedAverageShsOutDil": 2604000000, "link": "https://www.sec.gov/Archives/edgar/data/277948/000027794818000040/0000277948-18-000040-index.htm", "finalLink": "https://www.sec.gov/Archives/edgar/data/277948/000027794818000040/csx06301810-q.htm"}, {"date": "2018-03-31", "symbol": "CSX", "reportedCurrency": "USD", "cik": "0000277948", "fillingDate": "2018-04-18", "acceptedDate": "2018-04-18 16:51:40", "calendarYear": "2018", "period": "Q1", "revenue": 2876000000, "costOfRevenue": 1857000000, "grossProfit": 1019000000, "grossProfitRatio": 0.3543115438108484, "researchAndDevelopmentExpenses": 0.0, "generalAndAdministrativeExpenses": 0.0, "sellingAndMarketingExpenses": 0.0, "sellingGeneralAndAdministrativeExpenses": 0.0, "otherExpenses": 1832000000, "operatingExpenses": 1832000000, "costAndExpenses": 1857000000, "interestIncome": 0.0, "interestExpense": 149000000, "depreciationAndAmortization": 323000000, "ebitda": 1384000000, "ebitdaratio": 0.4812239221140473, "operatingIncome": 1044000000, "operatingIncomeRatio": 0.36300417246175243, "totalOtherIncomeExpensesNet": -132000000, "incomeBeforeTax": 912000000, "incomeBeforeTaxRatio": 0.31710709318497915, "incomeTaxExpense": 217000000, "netIncome": 695000000, "netIncomeRatio": 0.24165507649513213, "eps": 0.264655, "epsdiluted": 0.26, "weightedAverageShsOut": 2626060638, "weightedAverageShsOutDil": 2664000000, "link": "https://www.sec.gov/Archives/edgar/data/277948/000027794818000019/0000277948-18-000019-index.htm", "finalLink": "https://www.sec.gov/Archives/edgar/data/277948/000027794818000009/csx-12312017x10k.htm"}, {"date": "2017-12-31", "symbol": "CSX", "reportedCurrency": "USD", "cik": "0000277948", "fillingDate": "2018-02-07", "acceptedDate": "2018-02-07 14:01:18", "calendarYear": "2017", "period": "Q4", "revenue": 2863000000, "costOfRevenue": 1932000000, "grossProfit": 931000000, "grossProfitRatio": 0.3251833740831296, "researchAndDevelopmentExpenses": 0.0, "generalAndAdministrativeExpenses": 0.0, "sellingAndMarketingExpenses": 0.0, "sellingGeneralAndAdministrativeExpenses": 0.0, "otherExpenses": 1737000000, "operatingExpenses": 1737000000, "costAndExpenses": 1932000000, "interestIncome": 0.0, "interestExpense": 140000000, "depreciationAndAmortization": 337000000, "ebitda": 1460000000, "ebitdaratio": 0.5099545930841775, "operatingIncome": 1121000000, "operatingIncomeRatio": 0.39154732797764585, "totalOtherIncomeExpensesNet": -138000000, "incomeBeforeTax": 983000000, "incomeBeforeTaxRatio": 0.3433461404121551, "incomeTaxExpense": -3157000000, "netIncome": 4140000000, "netIncomeRatio": 1.4460356269647223, "eps": 1.550562, "epsdiluted": 1.54, "weightedAverageShsOut": 2670000000, "weightedAverageShsOutDil": 2688000000, "link": "https://www.sec.gov/Archives/edgar/data/277948/000027794818000009/0000277948-18-000009-index.htm", "finalLink": "https://www.sec.gov/Archives/edgar/data/277948/000027794818000009/csx-12312017x10k.htm"}, {"date": "2017-09-30", "symbol": "CSX", "reportedCurrency": "USD", "cik": "0000277948", "fillingDate": "2017-10-18", "acceptedDate": "2017-10-18 12:08:26", "calendarYear": "2017", "period": "Q3", "revenue": 2743000000, "costOfRevenue": 1866000000, "grossProfit": 877000000, "grossProfitRatio": 0.3197229310973387, "researchAndDevelopmentExpenses": 0.0, "generalAndAdministrativeExpenses": 0.0, "sellingAndMarketingExpenses": 0.0, "sellingGeneralAndAdministrativeExpenses": 0.0, "otherExpenses": 1875000000, "operatingExpenses": 1875000000, "costAndExpenses": 1866000000, "interestIncome": 0.0, "interestExpense": 132000000, "depreciationAndAmortization": 331000000, "ebitda": 1213000000, "ebitdaratio": 0.44221655122129055, "operatingIncome": 876000000, "operatingIncomeRatio": 0.3193583667517317, "totalOtherIncomeExpensesNet": -126000000, "incomeBeforeTax": 750000000, "incomeBeforeTaxRatio": 0.27342325920524974, "incomeTaxExpense": 291000000, "netIncome": 459000000, "netIncomeRatio": 0.16733503463361282, "eps": 0.171194, "epsdiluted": 0.17, "weightedAverageShsOut": 2681169249, "weightedAverageShsOutDil": 2718000000, "link": "https://www.sec.gov/Archives/edgar/data/277948/000027794817000059/0000277948-17-000059-index.htm", "finalLink": "https://www.sec.gov/Archives/edgar/data/277948/000027794817000059/csx09301710-q.htm"}, {"date": "2017-06-30", "symbol": "CSX", "reportedCurrency": "USD", "cik": "0000277948", "fillingDate": "2017-07-19", "acceptedDate": "2017-07-19 15:45:34", "calendarYear": "2017", "period": "Q2", "revenue": 2933000000, "costOfRevenue": 1853000000, "grossProfit": 1080000000, "grossProfitRatio": 0.3682236617797477, "researchAndDevelopmentExpenses": 0.0, "generalAndAdministrativeExpenses": 0.0, "sellingAndMarketingExpenses": 0.0, "sellingGeneralAndAdministrativeExpenses": 0.0, "otherExpenses": 1976000000, "operatingExpenses": 1976000000, "costAndExpenses": 1853000000, "interestIncome": 0.0, "interestExpense": 137000000, "depreciationAndAmortization": 327000000, "ebitda": 1291000000, "ebitdaratio": 0.440163654960791, "operatingIncome": 958000000, "operatingIncomeRatio": 0.32662802591203544, "totalOtherIncomeExpensesNet": -131000000, "incomeBeforeTax": 827000000, "incomeBeforeTaxRatio": 0.281963859529492, "incomeTaxExpense": 317000000, "netIncome": 510000000, "netIncomeRatio": 0.1738833958404364, "eps": 0.186136, "epsdiluted": 0.183333, "weightedAverageShsOut": 2739939030, "weightedAverageShsOutDil": 2772000000, "link": "https://www.sec.gov/Archives/edgar/data/277948/000027794817000045/0000277948-17-000045-index.htm", "finalLink": "https://www.sec.gov/Archives/edgar/data/277948/000027794817000045/csx06301710-q.htm"}, {"date": "2017-03-31", "symbol": "CSX", "reportedCurrency": "USD", "cik": "0000277948", "fillingDate": "2017-04-20", "acceptedDate": "2017-04-20 11:14:36", "calendarYear": "2017", "period": "Q1", "revenue": 2869000000, "costOfRevenue": 1984000000, "grossProfit": 885000000, "grossProfitRatio": 0.30846985012199374, "researchAndDevelopmentExpenses": 0.0, "generalAndAdministrativeExpenses": 0.0, "sellingAndMarketingExpenses": 0.0, "sellingGeneralAndAdministrativeExpenses": 0.0, "otherExpenses": 2100000000, "operatingExpenses": 2100000000, "costAndExpenses": 1984000000, "interestIncome": 0.0, "interestExpense": 137000000, "depreciationAndAmortization": 320000000, "ebitda": 1039000000, "ebitdaratio": 0.36214708957825026, "operatingIncome": 712000000, "operatingIncomeRatio": 0.2481700941094458, "totalOtherIncomeExpensesNet": -130000000, "incomeBeforeTax": 582000000, "incomeBeforeTaxRatio": 0.20285813872429417, "incomeTaxExpense": 220000000, "netIncome": 362000000, "netIncomeRatio": 0.12617636807249913, "eps": 0.130777, "epsdiluted": 0.13, "weightedAverageShsOut": 2768061432, "weightedAverageShsOutDil": 2787000000, "link": "https://www.sec.gov/Archives/edgar/data/277948/000027794817000019/0000277948-17-000019-index.htm", "finalLink": "https://www.sec.gov/Archives/edgar/data/277948/000027794817000009/csx-12302016x10k.htm"}, {"date": "2016-12-30", "symbol": "CSX", "reportedCurrency": "USD", "cik": "0000277948", "fillingDate": "2017-02-14", "acceptedDate": "2017-02-14 09:41:29", "calendarYear": "2016", "period": "Q4", "revenue": 3037000000, "costOfRevenue": 710000000, "grossProfit": 2327000000, "grossProfitRatio": 0.7662166611787948, "researchAndDevelopmentExpenses": 0.0, "generalAndAdministrativeExpenses": 975000000, "sellingAndMarketingExpenses": 0.0, "sellingGeneralAndAdministrativeExpenses": 0.0, "otherExpenses": 1438000000, "operatingExpenses": 1438000000, "costAndExpenses": 2148000000, "interestIncome": 0.0, "interestExpense": 156000000, "depreciationAndAmortization": 348000000, "ebitda": 1255000000, "ebitdaratio": 0.413236746789595, "operatingIncome": 1004000000, "operatingIncomeRatio": 0.330589397431676, "totalOtherIncomeExpensesNet": -253000000, "incomeBeforeTax": 751000000, "incomeBeforeTaxRatio": 0.24728350345735925, "incomeTaxExpense": 293000000, "netIncome": 458000000, "netIncomeRatio": 0.15080671715508726, "eps": 0.164511, "epsdiluted": 0.163333, "weightedAverageShsOut": 2784000000, "weightedAverageShsOutDil": 2805000000, "link": "https://www.sec.gov/Archives/edgar/data/277948/000027794817000009/0000277948-17-000009-index.htm", "finalLink": "https://www.sec.gov/Archives/edgar/data/277948/000027794817000009/csx-12302016x10k.htm"}, {"date": "2016-09-23", "symbol": "CSX", "reportedCurrency": "USD", "cik": "0000277948", "fillingDate": "2016-10-12", "acceptedDate": "2016-10-12 16:34:13", "calendarYear": "2016", "period": "Q3", "revenue": 2710000000, "costOfRevenue": 681000000, "grossProfit": 2029000000, "grossProfitRatio": 0.7487084870848708, "researchAndDevelopmentExpenses": 0.0, "generalAndAdministrativeExpenses": 867000000, "sellingAndMarketingExpenses": 0.0, "sellingGeneralAndAdministrativeExpenses": 0.0, "otherExpenses": 1188000000, "operatingExpenses": 1188000000, "costAndExpenses": 1869000000, "interestIncome": 0.0, "interestExpense": 139000000, "depreciationAndAmortization": 321000000, "ebitda": 1175000000, "ebitdaratio": 0.43357933579335795, "operatingIncome": 841000000, "operatingIncomeRatio": 0.3103321033210332, "totalOtherIncomeExpensesNet": -126000000, "incomeBeforeTax": 715000000, "incomeBeforeTaxRatio": 0.26383763837638374, "incomeTaxExpense": 260000000, "netIncome": 455000000, "netIncomeRatio": 0.16789667896678967, "eps": 0.161923, "epsdiluted": 0.16, "weightedAverageShsOut": 2809983336, "weightedAverageShsOutDil": 2829000000, "link": "https://www.sec.gov/Archives/edgar/data/277948/000027794816000082/0000277948-16-000082-index.htm", "finalLink": "https://www.sec.gov/Archives/edgar/data/277948/000027794816000082/csx09231610-q.htm"}, {"date": "2016-06-24", "symbol": "CSX", "reportedCurrency": "USD", "cik": "0000277948", "fillingDate": "2016-07-14", "acceptedDate": "2016-07-14 16:21:10", "calendarYear": "2016", "period": "Q2", "revenue": 2704000000, "costOfRevenue": 691000000, "grossProfit": 2013000000, "grossProfitRatio": 0.7444526627218935, "researchAndDevelopmentExpenses": 0.0, "generalAndAdministrativeExpenses": 854000000, "sellingAndMarketingExpenses": 0.0, "sellingGeneralAndAdministrativeExpenses": 0.0, "otherExpenses": 1173000000, "operatingExpenses": 1173000000, "costAndExpenses": 1864000000, "interestIncome": 0.0, "interestExpense": 141000000, "depreciationAndAmortization": 319000000, "ebitda": 1167000000, "ebitdaratio": 0.4315828402366864, "operatingIncome": 840000000, "operatingIncomeRatio": 0.3106508875739645, "totalOtherIncomeExpensesNet": -133000000, "incomeBeforeTax": 707000000, "incomeBeforeTaxRatio": 0.2614644970414201, "incomeTaxExpense": 262000000, "netIncome": 445000000, "netIncomeRatio": 0.16457100591715976, "eps": 0.156802, "epsdiluted": 0.156667, "weightedAverageShsOut": 2837972835, "weightedAverageShsOutDil": 2856000000, "link": "https://www.sec.gov/Archives/edgar/data/277948/000027794816000073/0000277948-16-000073-index.htm", "finalLink": "https://www.sec.gov/Archives/edgar/data/277948/000027794816000073/csx06241610-q.htm"}, {"date": "2016-03-25", "symbol": "CSX", "reportedCurrency": "USD", "cik": "0000277948", "fillingDate": "2016-04-13", "acceptedDate": "2016-04-13 15:32:57", "calendarYear": "2016", "period": "Q1", "revenue": 2618000000, "costOfRevenue": 700000000, "grossProfit": 1918000000, "grossProfitRatio": 0.732620320855615, "researchAndDevelopmentExpenses": 0.0, "generalAndAdministrativeExpenses": 901000000, "sellingAndMarketingExpenses": 0.0, "sellingGeneralAndAdministrativeExpenses": 0.0, "otherExpenses": 1214000000, "operatingExpenses": 1214000000, "costAndExpenses": 1914000000, "interestIncome": 0.0, "interestExpense": 143000000, "depreciationAndAmortization": 313000000, "ebitda": 1024000000, "ebitdaratio": 0.39113827349121466, "operatingIncome": 704000000, "operatingIncomeRatio": 0.2689075630252101, "totalOtherIncomeExpensesNet": -136000000, "incomeBeforeTax": 568000000, "incomeBeforeTaxRatio": 0.21695951107715813, "incomeTaxExpense": 212000000, "netIncome": 356000000, "netIncomeRatio": 0.1359816653934301, "eps": 0.124146, "epsdiluted": 0.123333, "weightedAverageShsOut": 2867601246, "weightedAverageShsOutDil": 2889000000, "link": "https://www.sec.gov/Archives/edgar/data/277948/000027794816000056/0000277948-16-000056-index.htm", "finalLink": "https://www.sec.gov/Archives/edgar/data/277948/000027794816000046/csx-12252015x10k.htm"}, {"date": "2015-12-25", "symbol": "CSX", "reportedCurrency": "USD", "cik": "0000277948", "fillingDate": "2016-02-10", "acceptedDate": "2016-02-10 11:48:55", "calendarYear": "2015", "period": "Q4", "revenue": 2781000000, "costOfRevenue": 771000000, "grossProfit": 2010000000, "grossProfitRatio": 0.7227615965480043, "researchAndDevelopmentExpenses": 0.0, "generalAndAdministrativeExpenses": 907000000, "sellingAndMarketingExpenses": 0.0, "sellingGeneralAndAdministrativeExpenses": 0.0, "otherExpenses": 1219000000, "operatingExpenses": 1219000000, "costAndExpenses": 1990000000, "interestIncome": 0.0, "interestExpense": 140000000, "depreciationAndAmortization": 312000000, "ebitda": 1193000000, "ebitdaratio": 0.42898238043869114, "operatingIncome": 791000000, "operatingIncomeRatio": 0.28443006112909025, "totalOtherIncomeExpensesNet": -50000000, "incomeBeforeTax": 741000000, "incomeBeforeTaxRatio": 0.2664509169363538, "incomeTaxExpense": 275000000, "netIncome": 466000000, "netIncomeRatio": 0.1675656238763035, "eps": 0.160801, "epsdiluted": 0.16, "weightedAverageShsOut": 2898000000, "weightedAverageShsOutDil": 2919000000, "link": "https://www.sec.gov/Archives/edgar/data/277948/000027794816000046/0000277948-16-000046-index.htm", "finalLink": "https://www.sec.gov/Archives/edgar/data/277948/000027794816000046/csx-12252015x10k.htm"}, {"date": "2015-09-25", "symbol": "CSX", "reportedCurrency": "USD", "cik": "0000277948", "fillingDate": "2015-10-14", "acceptedDate": "2015-10-14 16:27:36", "calendarYear": "2015", "period": "Q3", "revenue": 2939000000, "costOfRevenue": 803000000, "grossProfit": 2136000000, "grossProfitRatio": 0.7267778155835318, "researchAndDevelopmentExpenses": 0.0, "generalAndAdministrativeExpenses": 901000000, "sellingAndMarketingExpenses": 0.0, "sellingGeneralAndAdministrativeExpenses": 0.0, "otherExpenses": 1203000000, "operatingExpenses": 1203000000, "costAndExpenses": 2006000000, "interestIncome": 0.0, "interestExpense": 136000000, "depreciationAndAmortization": 302000000, "ebitda": 1237000000, "ebitdaratio": 0.42089145968016334, "operatingIncome": 933000000, "operatingIncomeRatio": 0.3174549166383124, "totalOtherIncomeExpensesNet": -134000000, "incomeBeforeTax": 799000000, "incomeBeforeTaxRatio": 0.2718611772711807, "incomeTaxExpense": 292000000, "netIncome": 507000000, "netIncomeRatio": 0.17250765566519224, "eps": 0.173343, "epsdiluted": 0.173333, "weightedAverageShsOut": 2924834373, "weightedAverageShsOutDil": 2946000000, "link": "https://www.sec.gov/Archives/edgar/data/277948/000027794815000039/0000277948-15-000039-index.htm", "finalLink": "https://www.sec.gov/Archives/edgar/data/277948/000027794815000039/csx0925201510-q.htm"}, {"date": "2015-06-26", "symbol": "CSX", "reportedCurrency": "USD", "cik": "0000277948", "fillingDate": "2015-07-15", "acceptedDate": "2015-07-15 15:18:14", "calendarYear": "2015", "period": "Q2", "revenue": 3064000000, "costOfRevenue": 822000000, "grossProfit": 2242000000, "grossProfitRatio": 0.7317232375979112, "researchAndDevelopmentExpenses": 0.0, "generalAndAdministrativeExpenses": 926000000, "sellingAndMarketingExpenses": 0.0, "sellingGeneralAndAdministrativeExpenses": 0.0, "otherExpenses": 1225000000, "operatingExpenses": 1225000000, "costAndExpenses": 2047000000, "interestIncome": 0.0, "interestExpense": 134000000, "depreciationAndAmortization": 299000000, "ebitda": 1320000000, "ebitdaratio": 0.4308093994778068, "operatingIncome": 1017000000, "operatingIncomeRatio": 0.33191906005221933, "totalOtherIncomeExpensesNet": -130000000, "incomeBeforeTax": 887000000, "incomeBeforeTaxRatio": 0.28949086161879894, "incomeTaxExpense": 334000000, "netIncome": 553000000, "netIncomeRatio": 0.18048302872062663, "eps": 0.187381, "epsdiluted": 0.186667, "weightedAverageShsOut": 2951211738, "weightedAverageShsOutDil": 2967000000, "link": "https://www.sec.gov/Archives/edgar/data/277948/000027794815000034/0000277948-15-000034-index.htm", "finalLink": "https://www.sec.gov/Archives/edgar/data/277948/000027794815000034/csx0626201510-q.htm"}, {"date": "2015-03-27", "symbol": "CSX", "reportedCurrency": "USD", "cik": "0000277948", "fillingDate": "2015-04-15", "acceptedDate": "2015-04-15 11:03:26", "calendarYear": "2015", "period": "Q1", "revenue": 3027000000, "costOfRevenue": 897000000, "grossProfit": 2130000000, "grossProfitRatio": 0.7036669970267592, "researchAndDevelopmentExpenses": 0.0, "generalAndAdministrativeExpenses": 992000000, "sellingAndMarketingExpenses": 0.0, "sellingGeneralAndAdministrativeExpenses": 0.0, "otherExpenses": 1287000000, "operatingExpenses": 1287000000, "costAndExpenses": 2184000000, "interestIncome": 0.0, "interestExpense": 134000000, "depreciationAndAmortization": 295000000, "ebitda": 1140000000, "ebitdaratio": 0.37661050545094155, "operatingIncome": 843000000, "operatingIncomeRatio": 0.27849355797819625, "totalOtherIncomeExpensesNet": -132000000, "incomeBeforeTax": 711000000, "incomeBeforeTaxRatio": 0.2348860257680872, "incomeTaxExpense": 269000000, "netIncome": 442000000, "netIncomeRatio": 0.14601916088536504, "eps": 0.149126, "epsdiluted": 0.149126, "weightedAverageShsOut": 2963944224, "weightedAverageShsOutDil": 2976000000, "link": "https://www.sec.gov/Archives/edgar/data/277948/000027794815000017/0000277948-15-000017-index.htm", "finalLink": "https://www.sec.gov/Archives/edgar/data/277948/000027794815000010/csx-12262014x10k.htm"}, {"date": "2014-12-26", "symbol": "CSX", "reportedCurrency": "USD", "cik": "0000277948", "fillingDate": "2015-02-11", "acceptedDate": "2015-02-11 11:14:51", "calendarYear": "2014", "period": "Q4", "revenue": 3192000000, "costOfRevenue": 985000000, "grossProfit": 2207000000, "grossProfitRatio": 0.6914160401002506, "researchAndDevelopmentExpenses": 0.0, "generalAndAdministrativeExpenses": 1016000000, "sellingAndMarketingExpenses": 0.0, "sellingGeneralAndAdministrativeExpenses": 0.0, "otherExpenses": 1306000000, "operatingExpenses": 1306000000, "costAndExpenses": 2291000000, "interestIncome": 0.0, "interestExpense": 133000000, "depreciationAndAmortization": 290000000, "ebitda": 1198000000, "ebitdaratio": 0.37531328320802004, "operatingIncome": 901000000, "operatingIncomeRatio": 0.28226817042606517, "totalOtherIncomeExpensesNet": -126000000, "incomeBeforeTax": 775000000, "incomeBeforeTaxRatio": 0.24279448621553884, "incomeTaxExpense": 284000000, "netIncome": 491000000, "netIncomeRatio": 0.1538220551378446, "eps": 0.164987, "epsdiluted": 0.163333, "weightedAverageShsOut": 2976000000, "weightedAverageShsOutDil": 2985000000, "link": "https://www.sec.gov/Archives/edgar/data/277948/000027794815000010/0000277948-15-000010-index.htm", "finalLink": "https://www.sec.gov/Archives/edgar/data/277948/000027794815000010/csx-12262014x10k.htm"}, {"date": "2014-09-26", "symbol": "CSX", "reportedCurrency": "USD", "cik": "0000277948", "fillingDate": "2014-10-15", "acceptedDate": "2014-10-15 15:25:44", "calendarYear": "2014", "period": "Q3", "revenue": 3221000000, "costOfRevenue": 1003000000, "grossProfit": 2218000000, "grossProfitRatio": 0.6886060229742316, "researchAndDevelopmentExpenses": 0.0, "generalAndAdministrativeExpenses": 951000000, "sellingAndMarketingExpenses": 0.0, "sellingGeneralAndAdministrativeExpenses": 0.0, "otherExpenses": 1242000000, "operatingExpenses": 1242000000, "costAndExpenses": 2245000000, "interestIncome": 0.0, "interestExpense": 137000000, "depreciationAndAmortization": 291000000, "ebitda": 1241000000, "ebitdaratio": 0.3852840732691711, "operatingIncome": 976000000, "operatingIncomeRatio": 0.30301148711580256, "totalOtherIncomeExpensesNet": -163000000, "incomeBeforeTax": 813000000, "incomeBeforeTaxRatio": 0.25240608506674944, "incomeTaxExpense": 304000000, "netIncome": 509000000, "netIncomeRatio": 0.15802545793231915, "eps": 0.170451, "epsdiluted": 0.17, "weightedAverageShsOut": 2986191909, "weightedAverageShsOutDil": 2997000000, "link": "https://www.sec.gov/Archives/edgar/data/277948/000027794814000038/0000277948-14-000038-index.htm", "finalLink": "https://www.sec.gov/Archives/edgar/data/277948/000027794814000038/csx0926201410-q.htm"}, {"date": "2014-06-27", "symbol": "CSX", "reportedCurrency": "USD", "cik": "0000277948", "fillingDate": "2014-07-15", "acceptedDate": "2014-07-15 16:10:41", "calendarYear": "2014", "period": "Q2", "revenue": 3244000000, "costOfRevenue": 1037000000, "grossProfit": 2207000000, "grossProfitRatio": 0.6803329223181258, "researchAndDevelopmentExpenses": 0.0, "generalAndAdministrativeExpenses": 923000000, "sellingAndMarketingExpenses": 0.0, "sellingGeneralAndAdministrativeExpenses": 0.0, "otherExpenses": 1210000000, "operatingExpenses": 1210000000, "costAndExpenses": 2247000000, "interestIncome": 0.0, "interestExpense": 135000000, "depreciationAndAmortization": 287000000, "ebitda": 1272000000, "ebitdaratio": 0.3921085080147966, "operatingIncome": 997000000, "operatingIncomeRatio": 0.30733662145499385, "totalOtherIncomeExpensesNet": -147000000, "incomeBeforeTax": 850000000, "incomeBeforeTaxRatio": 0.26202219482120837, "incomeTaxExpense": 321000000, "netIncome": 529000000, "netIncomeRatio": 0.16307028360049322, "eps": 0.176667, "epsdiluted": 0.176667, "weightedAverageShsOut": 3009000000, "weightedAverageShsOutDil": 3009000000, "link": "https://www.sec.gov/Archives/edgar/data/277948/000027794814000031/0000277948-14-000031-index.htm", "finalLink": "https://www.sec.gov/Archives/edgar/data/277948/000027794814000031/csx0627201410-q.htm"}, {"date": "2014-03-28", "symbol": "CSX", "reportedCurrency": "USD", "cik": "0000277948", "fillingDate": "2014-04-16", "acceptedDate": "2014-04-16 15:55:37", "calendarYear": "2014", "period": "Q1", "revenue": 3012000000, "costOfRevenue": 1075000000, "grossProfit": 1937000000, "grossProfitRatio": 0.6430942895086321, "researchAndDevelopmentExpenses": 0.0, "generalAndAdministrativeExpenses": 915000000, "sellingAndMarketingExpenses": 0.0, "sellingGeneralAndAdministrativeExpenses": 0.0, "otherExpenses": 1198000000, "operatingExpenses": 1198000000, "costAndExpenses": 2273000000, "interestIncome": 0.0, "interestExpense": 140000000, "depreciationAndAmortization": 283000000, "ebitda": 1029000000, "ebitdaratio": 0.34163346613545814, "operatingIncome": 739000000, "operatingIncomeRatio": 0.2453519256308101, "totalOtherIncomeExpensesNet": -133000000, "incomeBeforeTax": 606000000, "incomeBeforeTaxRatio": 0.20119521912350596, "incomeTaxExpense": 208000000, "netIncome": 398000000, "netIncomeRatio": 0.13213811420982735, "eps": 0.13209, "epsdiluted": 0.13209, "weightedAverageShsOut": 3013087767, "weightedAverageShsOutDil": 3024000000, "link": "https://www.sec.gov/Archives/edgar/data/277948/000027794814000018/0000277948-14-000018-index.htm", "finalLink": "https://www.sec.gov/Archives/edgar/data/277948/000027794814000011/csx-12272013x10k.htm"}, {"date": "2013-12-27", "symbol": "CSX", "reportedCurrency": "USD", "cik": "0000277948", "fillingDate": "2014-02-12", "acceptedDate": "2014-02-12 16:15:05", "calendarYear": "2013", "period": "Q4", "revenue": 3000000000, "costOfRevenue": 1040000000, "grossProfit": 1960000000, "grossProfitRatio": 0.6533333333333333, "researchAndDevelopmentExpenses": 0.0, "generalAndAdministrativeExpenses": 898000000, "sellingAndMarketingExpenses": 0.0, "sellingGeneralAndAdministrativeExpenses": 0.0, "otherExpenses": 1179000000, "operatingExpenses": 1179000000, "costAndExpenses": 2219000000, "interestIncome": 2000000.0, "interestExpense": 139000000, "depreciationAndAmortization": 281000000, "ebitda": 1062000000, "ebitdaratio": 0.354, "operatingIncome": 781000000, "operatingIncomeRatio": 0.26033333333333336, "totalOtherIncomeExpensesNet": -139000000, "incomeBeforeTax": 642000000, "incomeBeforeTaxRatio": 0.214, "incomeTaxExpense": 235000000, "netIncome": 407000000, "netIncomeRatio": 0.13566666666666666, "eps": 0.140733, "epsdiluted": 0.14, "weightedAverageShsOut": 3027000000, "weightedAverageShsOutDil": 3039000000, "link": "https://www.sec.gov/Archives/edgar/data/277948/000027794814000011/0000277948-14-000011-index.htm", "finalLink": "https://www.sec.gov/Archives/edgar/data/277948/000027794814000011/csx-12272013x10k.htm"}, {"date": "2013-09-27", "symbol": "CSX", "reportedCurrency": "USD", "cik": "0000277948", "fillingDate": "2013-10-16", "acceptedDate": "2013-10-16 15:30:15", "calendarYear": "2013", "period": "Q3", "revenue": 2985000000, "costOfRevenue": 983000000, "grossProfit": 2002000000, "grossProfitRatio": 0.6706867671691792, "researchAndDevelopmentExpenses": 0.0, "generalAndAdministrativeExpenses": 885000000, "sellingAndMarketingExpenses": 0.0, "sellingGeneralAndAdministrativeExpenses": 0.0, "otherExpenses": 1162000000, "operatingExpenses": 1162000000, "costAndExpenses": 2145000000, "interestIncome": 0.0, "interestExpense": 136000000, "depreciationAndAmortization": 277000000, "ebitda": 1122000000, "ebitdaratio": 0.3758793969849246, "operatingIncome": 854000000, "operatingIncomeRatio": 0.28609715242881073, "totalOtherIncomeExpensesNet": -145000000, "incomeBeforeTax": 709000000, "incomeBeforeTaxRatio": 0.2375209380234506, "incomeTaxExpense": 254000000, "netIncome": 455000000, "netIncomeRatio": 0.152428810720268, "eps": 0.152251, "epsdiluted": 0.152251, "weightedAverageShsOut": 3041023083, "weightedAverageShsOutDil": 3054000000, "link": "https://www.sec.gov/Archives/edgar/data/277948/000027794813000040/0000277948-13-000040-index.htm", "finalLink": "https://www.sec.gov/Archives/edgar/data/277948/000027794813000040/csx0927201310-q.htm"}, {"date": "2013-06-28", "symbol": "CSX", "reportedCurrency": "USD", "cik": "0000277948", "fillingDate": "2013-07-17", "acceptedDate": "2013-07-17 16:16:48", "calendarYear": "2013", "period": "Q2", "revenue": 3046000000, "costOfRevenue": 957000000, "grossProfit": 2089000000, "grossProfitRatio": 0.685817465528562, "researchAndDevelopmentExpenses": 0.0, "generalAndAdministrativeExpenses": 873000000, "sellingAndMarketingExpenses": 0.0, "sellingGeneralAndAdministrativeExpenses": 0.0, "otherExpenses": 1149000000, "operatingExpenses": 1149000000, "costAndExpenses": 2106000000, "interestIncome": 0.0, "interestExpense": 140000000, "depreciationAndAmortization": 276000000, "ebitda": 1225000000, "ebitdaratio": 0.402166776099803, "operatingIncome": 963000000, "operatingIncomeRatio": 0.31615233092580436, "totalOtherIncomeExpensesNet": -154000000, "incomeBeforeTax": 809000000, "incomeBeforeTaxRatio": 0.2655942219304005, "incomeTaxExpense": 288000000, "netIncome": 521000000, "netIncomeRatio": 0.17104399212081417, "eps": 0.175036, "epsdiluted": 0.173333, "weightedAverageShsOut": 3056511939, "weightedAverageShsOutDil": 3069000000, "link": "https://www.sec.gov/Archives/edgar/data/277948/000027794813000032/0000277948-13-000032-index.htm", "finalLink": "https://www.sec.gov/Archives/edgar/data/277948/000027794813000032/csx0628201310-q.htm"}, {"date": "2013-03-29", "symbol": "CSX", "reportedCurrency": "USD", "cik": "0000277948", "fillingDate": "2013-04-16", "acceptedDate": "2013-04-16 16:04:21", "calendarYear": "2013", "period": "Q1", "revenue": 2963000000, "costOfRevenue": 951000000, "grossProfit": 2012000000, "grossProfitRatio": 0.6790415119811002, "researchAndDevelopmentExpenses": 0.0, "generalAndAdministrativeExpenses": 862000000, "sellingAndMarketingExpenses": 0.0, "sellingGeneralAndAdministrativeExpenses": 0.0, "otherExpenses": 1132000000, "operatingExpenses": 1132000000, "costAndExpenses": 2083000000, "interestIncome": 0.0, "interestExpense": 147000000, "depreciationAndAmortization": 270000000, "ebitda": 1147000000, "ebitdaratio": 0.38710766115423556, "operatingIncome": 875000000, "operatingIncomeRatio": 0.295308808639892, "totalOtherIncomeExpensesNet": -145000000, "incomeBeforeTax": 730000000, "incomeBeforeTaxRatio": 0.24637192035099562, "incomeTaxExpense": 268000000, "netIncome": 462000000, "netIncomeRatio": 0.15592305096186299, "eps": 0.149712, "epsdiluted": 0.149712, "weightedAverageShsOut": 3065881890, "weightedAverageShsOutDil": 3069000000, "link": "https://www.sec.gov/Archives/edgar/data/277948/000027794813000015/0000277948-13-000015-index.htm", "finalLink": "https://www.sec.gov/Archives/edgar/data/277948/000027794813000008/csx-12282012x10k.htm"}, {"date": "2012-12-28", "symbol": "CSX", "reportedCurrency": "USD", "cik": "0000277948", "fillingDate": "2013-02-19", "acceptedDate": "2013-02-19 15:27:46", "calendarYear": "2012", "period": "Q4", "revenue": 2891000000, "costOfRevenue": 960000000, "grossProfit": 1931000000, "grossProfitRatio": 0.6679349705984089, "researchAndDevelopmentExpenses": 0.0, "generalAndAdministrativeExpenses": 849000000, "sellingAndMarketingExpenses": 0.0, "sellingGeneralAndAdministrativeExpenses": 0.0, "otherExpenses": 1120000000, "operatingExpenses": 1120000000, "costAndExpenses": 2080000000, "interestIncome": 1000000.0, "interestExpense": 145000000, "depreciationAndAmortization": 271000000, "ebitda": 1141000000, "ebitdaratio": 0.3946731234866828, "operatingIncome": 804000000, "operatingIncomeRatio": 0.2781044621238326, "totalOtherIncomeExpensesNet": -79000000, "incomeBeforeTax": 725000000, "incomeBeforeTaxRatio": 0.25077827741265996, "incomeTaxExpense": 278000000, "netIncome": 447000000, "netIncomeRatio": 0.1546177793151159, "eps": 0.144771, "epsdiluted": 0.143333, "weightedAverageShsOut": 3060000000, "weightedAverageShsOutDil": 3084000000, "link": "https://www.sec.gov/Archives/edgar/data/277948/000027794813000008/0000277948-13-000008-index.htm", "finalLink": "https://www.sec.gov/Archives/edgar/data/277948/000027794813000008/csx-12282012x10k.htm"}, {"date": "2012-09-28", "symbol": "CSX", "reportedCurrency": "USD", "cik": "0000277948", "fillingDate": "2012-10-16", "acceptedDate": "2012-10-16 17:06:55", "calendarYear": "2012", "period": "Q3", "revenue": 2894000000, "costOfRevenue": 952000000, "grossProfit": 1942000000, "grossProfitRatio": 0.6710435383552177, "researchAndDevelopmentExpenses": 0.0, "generalAndAdministrativeExpenses": 850000000, "sellingAndMarketingExpenses": 0.0, "sellingGeneralAndAdministrativeExpenses": 754000000, "otherExpenses": 334000000, "operatingExpenses": 1088000000, "costAndExpenses": 2040000000, "interestIncome": 1000000.0, "interestExpense": 138000000, "depreciationAndAmortization": 268000000, "ebitda": 1127000000, "ebitdaratio": 0.389426399447132, "operatingIncome": 854000000, "operatingIncomeRatio": 0.2950932964754665, "totalOtherIncomeExpensesNet": -133000000, "incomeBeforeTax": 721000000, "incomeBeforeTaxRatio": 0.24913614374568072, "incomeTaxExpense": 266000000, "netIncome": 455000000, "netIncomeRatio": 0.1572218382861092, "eps": 0.146667, "epsdiluted": 0.146667, "weightedAverageShsOut": 3114000000, "weightedAverageShsOutDil": 3120000000, "link": "https://www.sec.gov/Archives/edgar/data/277948/000027794812000048/0000277948-12-000048-index.htm", "finalLink": "https://www.sec.gov/Archives/edgar/data/277948/000027794812000048/csx0928201210-q.htm"}, {"date": "2012-06-29", "symbol": "CSX", "reportedCurrency": "USD", "cik": "0000277948", "fillingDate": "2012-07-19", "acceptedDate": "2012-07-19 10:47:34", "calendarYear": "2012", "period": "Q2", "revenue": 3012000000, "costOfRevenue": 960000000, "grossProfit": 2052000000, "grossProfitRatio": 0.6812749003984063, "researchAndDevelopmentExpenses": 0.0, "generalAndAdministrativeExpenses": 846000000, "sellingAndMarketingExpenses": 0.0, "sellingGeneralAndAdministrativeExpenses": 744000000, "otherExpenses": 365000000, "operatingExpenses": 1109000000, "costAndExpenses": 2069000000, "interestIncome": 1000000.0, "interestExpense": -129000000, "depreciationAndAmortization": 263000000, "ebitda": 943000000, "ebitdaratio": 0.31308100929614874, "operatingIncome": 943000000, "operatingIncomeRatio": 0.31308100929614874, "totalOtherIncomeExpensesNet": -134000000, "incomeBeforeTax": 809000000, "incomeBeforeTaxRatio": 0.2685922974767596, "incomeTaxExpense": 297000000, "netIncome": 512000000, "netIncomeRatio": 0.1699867197875166, "eps": 0.164104, "epsdiluted": 0.163333, "weightedAverageShsOut": 3119966010, "weightedAverageShsOutDil": 3129000000, "link": "https://www.sec.gov/Archives/edgar/data/277948/000027794812000040/0000277948-12-000040-index.htm", "finalLink": "https://www.sec.gov/Archives/edgar/data/277948/000027794812000040/csx0629201210-q.htm"}, {"date": "2012-03-30", "symbol": "CSX", "reportedCurrency": "USD", "cik": "0000277948", "fillingDate": "2012-04-19", "acceptedDate": "2012-04-19 11:36:37", "calendarYear": "2012", "period": "Q1", "revenue": 2966000000, "costOfRevenue": 986000000, "grossProfit": 1980000000, "grossProfitRatio": 0.667565745111261, "researchAndDevelopmentExpenses": 0.0, "generalAndAdministrativeExpenses": 867000000, "sellingAndMarketingExpenses": 0.0, "sellingGeneralAndAdministrativeExpenses": 770000000, "otherExpenses": 354000000, "operatingExpenses": 1124000000, "costAndExpenses": 2110000000, "interestIncome": 2000000.0, "interestExpense": -142000000, "depreciationAndAmortization": 257000000, "ebitda": 831000000, "ebitdaratio": 0.2801753202966959, "operatingIncome": 856000000, "operatingIncomeRatio": 0.28860418071476734, "totalOtherIncomeExpensesNet": -140000000, "incomeBeforeTax": 716000000, "incomeBeforeTaxRatio": 0.24140256237356708, "incomeTaxExpense": 267000000, "netIncome": 449000000, "netIncomeRatio": 0.15138233310856372, "eps": 0.144027, "epsdiluted": 0.143333, "weightedAverageShsOut": 3117474186, "weightedAverageShsOutDil": 3147000000, "link": "https://www.sec.gov/Archives/edgar/data/277948/000027794812000023/0000277948-12-000023-index.htm", "finalLink": "https://www.sec.gov/Archives/edgar/data/277948/000027794812000014/csx-12302011x10k.htm"}, {"date": "2011-12-30", "symbol": "CSX", "reportedCurrency": "USD", "cik": "0000277948", "fillingDate": "2012-02-21", "acceptedDate": "2012-02-21 13:43:35", "calendarYear": "2011", "period": "Q4", "revenue": 3003000000, "costOfRevenue": 1003000000, "grossProfit": 2000000000, "grossProfitRatio": 0.666000666000666, "researchAndDevelopmentExpenses": 0.0, "generalAndAdministrativeExpenses": 871000000, "sellingAndMarketingExpenses": 0.0, "sellingGeneralAndAdministrativeExpenses": 779000000, "otherExpenses": 328000000, "operatingExpenses": 1107000000, "costAndExpenses": 2110000000, "interestIncome": 2000000.0, "interestExpense": 140000000, "depreciationAndAmortization": 236000000, "ebitda": 1140000000, "ebitdaratio": 0.37962037962037964, "operatingIncome": 841000000, "operatingIncomeRatio": 0.28005328005328006, "totalOtherIncomeExpensesNet": -77000000, "incomeBeforeTax": 764000000, "incomeBeforeTaxRatio": 0.2544122544122544, "incomeTaxExpense": 275000000, "netIncome": 489000000, "netIncomeRatio": 0.16283716283716285, "eps": 0.15447308567096285, "epsdiluted": 0.15447308567096285, "weightedAverageShsOut": 3165600000, "weightedAverageShsOutDil": 3165600000, "link": "https://www.sec.gov/Archives/edgar/data/277948/000027794812000014/0000277948-12-000014-index.htm", "finalLink": "https://www.sec.gov/Archives/edgar/data/277948/000027794812000014/csx-12302011x10k.htm"}, {"date": "2011-09-30", "symbol": "CSX", "reportedCurrency": "USD", "cik": "0000277948", "fillingDate": "2011-10-26", "acceptedDate": "2011-10-26 14:21:53", "calendarYear": "2011", "period": "Q3", "revenue": 2963000000, "costOfRevenue": 1069000000, "grossProfit": 1894000000, "grossProfitRatio": 0.6392170097873776, "researchAndDevelopmentExpenses": 0.0, "generalAndAdministrativeExpenses": 765000000, "sellingAndMarketingExpenses": 0.0, "sellingGeneralAndAdministrativeExpenses": 765000000, "otherExpenses": 251000000, "operatingExpenses": 1016000000, "costAndExpenses": 2085000000, "interestIncome": 1000000.0, "interestExpense": 138000000, "depreciationAndAmortization": 251000000, "ebitda": 1135000000, "ebitdaratio": 0.38305771177860276, "operatingIncome": 878000000, "operatingIncomeRatio": 0.2963212959838002, "totalOtherIncomeExpensesNet": -132000000, "incomeBeforeTax": 746000000, "incomeBeforeTaxRatio": 0.25177185285183934, "incomeTaxExpense": 282000000, "netIncome": 464000000, "netIncomeRatio": 0.15659804252446843, "eps": 0.147308, "epsdiluted": 0.143333, "weightedAverageShsOut": 3149859060, "weightedAverageShsOutDil": 3231000000, "link": "https://www.sec.gov/Archives/edgar/data/277948/000027794811000061/0000277948-11-000061-index.htm", "finalLink": "https://www.sec.gov/Archives/edgar/data/277948/000027794811000061/csx0930201110-q.htm"}, {"date": "2011-07-01", "symbol": "CSX", "reportedCurrency": "USD", "cik": "0000277948", "fillingDate": "2011-07-21", "acceptedDate": "2011-07-21 14:00:53", "calendarYear": "2011", "period": "Q2", "revenue": 3019000000, "costOfRevenue": 988000000, "grossProfit": 2031000000, "grossProfitRatio": 0.6727393176548526, "researchAndDevelopmentExpenses": 0.0, "generalAndAdministrativeExpenses": 859000000, "sellingAndMarketingExpenses": 0.0, "sellingGeneralAndAdministrativeExpenses": 764000000, "otherExpenses": 341000000, "operatingExpenses": 1105000000, "costAndExpenses": 2093000000, "interestIncome": 1000000.0, "interestExpense": 134000000, "depreciationAndAmortization": 246000000, "ebitda": 1172000000, "ebitdaratio": 0.3882080158993044, "operatingIncome": 926000000, "operatingIncomeRatio": 0.3067240808214641, "totalOtherIncomeExpensesNet": -134000000, "incomeBeforeTax": 792000000, "incomeBeforeTaxRatio": 0.2623385226896323, "incomeTaxExpense": 286000000, "netIncome": 506000000, "netIncomeRatio": 0.16760516727393177, "eps": 0.152949, "epsdiluted": 0.152949, "weightedAverageShsOut": 3285844518, "weightedAverageShsOutDil": 3327000000, "link": "https://www.sec.gov/Archives/edgar/data/277948/000027794811000045/0000277948-11-000045-index.htm", "finalLink": "https://www.sec.gov/Archives/edgar/data/277948/000027794811000045/csx0701201110-q.htm"}, {"date": "2011-04-01", "symbol": "CSX", "reportedCurrency": "USD", "cik": "0000277948", "fillingDate": "2011-04-20", "acceptedDate": "2011-04-20 17:21:26", "calendarYear": "2011", "period": "Q1", "revenue": 2810000000, "costOfRevenue": 932000000, "grossProfit": 1878000000, "grossProfitRatio": 0.6683274021352313, "researchAndDevelopmentExpenses": 0.0, "generalAndAdministrativeExpenses": 862000000, "sellingAndMarketingExpenses": 0.0, "sellingGeneralAndAdministrativeExpenses": 765000000, "otherExpenses": 340000000, "operatingExpenses": 1105000000, "costAndExpenses": 2037000000, "interestIncome": 1000000.0, "interestExpense": 140000000, "depreciationAndAmortization": 243000000, "ebitda": 1021000000, "ebitdaratio": 0.3633451957295374, "operatingIncome": 773000000, "operatingIncomeRatio": 0.27508896797153026, "totalOtherIncomeExpensesNet": -135000000, "incomeBeforeTax": 638000000, "incomeBeforeTaxRatio": 0.22704626334519573, "incomeTaxExpense": 243000000, "netIncome": 395000000, "netIncomeRatio": 0.14056939501779359, "eps": 0.119063, "epsdiluted": 0.117778, "weightedAverageShsOut": 3308294079, "weightedAverageShsOutDil": 3344274000, "link": "https://www.sec.gov/Archives/edgar/data/277948/000027794811000017/0000277948-11-000017-index.htm", "finalLink": "https://www.sec.gov/Archives/edgar/data/277948/000114036111010655/document_10k.htm"}, {"date": "2010-12-31", "symbol": "CSX", "reportedCurrency": "USD", "cik": "0000277948", "fillingDate": "2011-02-18", "acceptedDate": "2011-02-18 11:05:56", "calendarYear": "2010", "period": "Q4", "revenue": 2816000000, "costOfRevenue": 189000000, "grossProfit": 2627000000, "grossProfitRatio": 0.9328835227272727, "researchAndDevelopmentExpenses": 0.0, "generalAndAdministrativeExpenses": 776000000, "sellingAndMarketingExpenses": 0.0, "sellingGeneralAndAdministrativeExpenses": 776000000, "otherExpenses": 257000000, "operatingExpenses": 1033000000, "costAndExpenses": 1222000000, "interestIncome": 2000000.0, "interestExpense": 149000000, "depreciationAndAmortization": 257000000, "ebitda": 1107000000, "ebitdaratio": 0.39311079545454547, "operatingIncome": 846000000, "operatingIncomeRatio": 0.30042613636363635, "totalOtherIncomeExpensesNet": -145000000, "incomeBeforeTax": 701000000, "incomeBeforeTaxRatio": 0.2489346590909091, "incomeTaxExpense": 271000000, "netIncome": 430000000, "netIncomeRatio": 0.15269886363636365, "eps": 0.1251273097628401, "epsdiluted": 0.1251273097628401, "weightedAverageShsOut": 3436500000, "weightedAverageShsOutDil": 3436500000, "link": "https://www.sec.gov/Archives/edgar/data/277948/000114036111010655/0001140361-11-010655-index.htm", "finalLink": "https://www.sec.gov/Archives/edgar/data/277948/000114036111010655/document_10k.htm"}, {"date": "2010-09-24", "symbol": "CSX", "reportedCurrency": "USD", "cik": "0000277948", "fillingDate": "2010-10-15", "acceptedDate": "2010-10-15 14:01:26", "calendarYear": "2010", "period": "Q3", "revenue": 2666000000, "costOfRevenue": 788000000, "grossProfit": 1878000000, "grossProfitRatio": 0.7044261065266316, "researchAndDevelopmentExpenses": 0.0, "generalAndAdministrativeExpenses": 821000000, "sellingAndMarketingExpenses": 0.0, "sellingGeneralAndAdministrativeExpenses": 731000000, "otherExpenses": 322000000, "operatingExpenses": 1053000000, "costAndExpenses": 1841000000, "interestIncome": 1000000.0, "interestExpense": 131000000, "depreciationAndAmortization": 232000000, "ebitda": 1065000000, "ebitdaratio": 0.3994748687171793, "operatingIncome": 825000000, "operatingIncomeRatio": 0.3094523630907727, "totalOtherIncomeExpensesNet": -123000000, "incomeBeforeTax": 702000000, "incomeBeforeTaxRatio": 0.2633158289572393, "incomeTaxExpense": 288000000, "netIncome": 414000000, "netIncomeRatio": 0.15528882220555137, "eps": 0.122934, "epsdiluted": 0.12, "weightedAverageShsOut": 3367661589, "weightedAverageShsOutDil": 3436515000, "link": "https://www.sec.gov/Archives/edgar/data/277948/000027794810000059/0000277948-10-000059-index.htm", "finalLink": "https://www.sec.gov/Archives/edgar/data/277948/000027794810000059/form_10-q.htm"}, {"date": "2010-06-25", "symbol": "CSX", "reportedCurrency": "USD", "cik": "0000277948", "fillingDate": "2010-07-15", "acceptedDate": "2010-07-15 16:04:34", "calendarYear": "2010", "period": "Q2", "revenue": 2663000000, "costOfRevenue": 855000000, "grossProfit": 1808000000, "grossProfitRatio": 0.678933533608712, "researchAndDevelopmentExpenses": 0.0, "generalAndAdministrativeExpenses": 810000000, "sellingAndMarketingExpenses": 0.0, "sellingGeneralAndAdministrativeExpenses": 721000000, "otherExpenses": 319000000, "operatingExpenses": 1040000000, "costAndExpenses": 1895000000, "interestIncome": 2000000.0, "interestExpense": 135000000, "depreciationAndAmortization": 229000000, "ebitda": 1006000000, "ebitdaratio": 0.3777694329703342, "operatingIncome": 768000000, "operatingIncomeRatio": 0.28839654524971836, "totalOtherIncomeExpensesNet": -126000000, "incomeBeforeTax": 642000000, "incomeBeforeTaxRatio": 0.24108148704468643, "incomeTaxExpense": 228000000, "netIncome": 414000000, "netIncomeRatio": 0.15546376267367631, "eps": 0.118889, "epsdiluted": 0.118889, "weightedAverageShsOut": 3477519000, "weightedAverageShsOutDil": 3477519000, "link": "https://www.sec.gov/Archives/edgar/data/277948/000027794810000046/0000277948-10-000046-index.htm", "finalLink": "https://www.sec.gov/Archives/edgar/data/277948/000027794810000046/form_10q.htm"}, {"date": "2010-03-26", "symbol": "CSX", "reportedCurrency": "USD", "cik": "0000277948", "fillingDate": "2010-04-19", "acceptedDate": "2010-04-19 15:56:42", "calendarYear": "2010", "period": "Q1", "revenue": 2491000000, "costOfRevenue": 799000000, "grossProfit": 1692000000, "grossProfitRatio": 0.6792452830188679, "researchAndDevelopmentExpenses": 0.0, "generalAndAdministrativeExpenses": 829000000, "sellingAndMarketingExpenses": 0.0, "sellingGeneralAndAdministrativeExpenses": 729000000, "otherExpenses": 329000000, "operatingExpenses": 1058000000, "costAndExpenses": 1857000000, "interestIncome": 0.0, "interestExpense": 142000000, "depreciationAndAmortization": 229000000, "ebitda": 874000000, "ebitdaratio": 0.3508631071858691, "operatingIncome": 634000000, "operatingIncomeRatio": 0.2545162585307106, "totalOtherIncomeExpensesNet": -131000000, "incomeBeforeTax": 503000000, "incomeBeforeTaxRatio": 0.20192693697310318, "incomeTaxExpense": 197000000, "netIncome": 306000000, "netIncomeRatio": 0.12284223203532718, "eps": 0.087353, "epsdiluted": 0.086667, "weightedAverageShsOut": 3503033685, "weightedAverageShsOutDil": 3548907000, "link": "https://www.sec.gov/Archives/edgar/data/277948/000027794810000025/0000277948-10-000025-index.htm", "finalLink": "https://www.sec.gov/Archives/edgar/data/277948/000027794810000013/document_10k.htm"}, {"date": "2009-12-25", "symbol": "CSX", "reportedCurrency": "USD", "cik": "0000277948", "fillingDate": "2010-02-19", "acceptedDate": "2010-02-19 08:56:51", "calendarYear": "2009", "period": "Q4", "revenue": 2320000000, "costOfRevenue": 762000000, "grossProfit": 1558000000, "grossProfitRatio": 0.6715517241379311, "researchAndDevelopmentExpenses": 0.0, "generalAndAdministrativeExpenses": 748000000, "sellingAndMarketingExpenses": 0.0, "sellingGeneralAndAdministrativeExpenses": 660000000, "otherExpenses": 315000000, "operatingExpenses": 975000000, "costAndExpenses": 1737000000, "interestIncome": 0.0, "interestExpense": 138000000, "depreciationAndAmortization": 229000000, "ebitda": 827000000, "ebitdaratio": 0.3564655172413793, "operatingIncome": 583000000, "operatingIncomeRatio": 0.2512931034482759, "totalOtherIncomeExpensesNet": -123000000, "incomeBeforeTax": 460000000, "incomeBeforeTaxRatio": 0.19827586206896552, "incomeTaxExpense": 155000000, "netIncome": 305000000, "netIncomeRatio": 0.1314655172413793, "eps": 0.08537677751651551, "epsdiluted": 0.08537677751651551, "weightedAverageShsOut": 3572400000, "weightedAverageShsOutDil": 3572400000, "link": "https://www.sec.gov/Archives/edgar/data/277948/000027794810000013/0000277948-10-000013-index.htm", "finalLink": "https://www.sec.gov/Archives/edgar/data/277948/000027794810000013/document_10k.htm"}, {"date": "2009-09-25", "symbol": "CSX", "reportedCurrency": "USD", "cik": "0000277948", "fillingDate": "2009-10-20", "acceptedDate": "2009-10-19 17:41:31", "calendarYear": "2009", "period": "Q3", "revenue": 2289000000, "costOfRevenue": 723000000, "grossProfit": 1566000000, "grossProfitRatio": 0.6841415465268676, "researchAndDevelopmentExpenses": 0.0, "generalAndAdministrativeExpenses": 745000000, "sellingAndMarketingExpenses": 0.0, "sellingGeneralAndAdministrativeExpenses": 653000000, "otherExpenses": 319000000, "operatingExpenses": 972000000, "costAndExpenses": 1695000000, "interestIncome": 0.0, "interestExpense": 140000000, "depreciationAndAmortization": 225000000, "ebitda": 825000000, "ebitdaratio": 0.36041939711664484, "operatingIncome": 598000000, "operatingIncomeRatio": 0.26124945391000437, "totalOtherIncomeExpensesNet": -138000000, "incomeBeforeTax": 460000000, "incomeBeforeTaxRatio": 0.20096111839231107, "incomeTaxExpense": 170000000, "netIncome": 290000000, "netIncomeRatio": 0.12669287898645698, "eps": 0.082932, "epsdiluted": 0.082222, "weightedAverageShsOut": 3524346000, "weightedAverageShsOutDil": 3566997000, "link": "https://www.sec.gov/Archives/edgar/data/277948/000027794809000164/0000277948-09-000164-index.htm", "finalLink": "https://www.sec.gov/Archives/edgar/data/277948/000027794809000164/form_10-q.htm"}]