[{"date": "2022-06-30", "symbol": "GOOG", "reportedCurrency": "USD", "cik": "0001652044", "fillingDate": "2022-07-27", "acceptedDate": "2022-07-26 19:29:36", "calendarYear": "2022", "period": "Q2", "revenue": 69685000000, "costOfRevenue": 30104000000, "grossProfit": 39581000000, "grossProfitRatio": 0.5679988519767525, "researchAndDevelopmentExpenses": 9841000000, "generalAndAdministrativeExpenses": 3657000000, "sellingAndMarketingExpenses": 6630000000, "sellingGeneralAndAdministrativeExpenses": 10287000000, "otherExpenses": 0.0, "operatingExpenses": 20128000000, "costAndExpenses": 50232000000, "interestIncome": 486000000, "interestExpense": 83000000, "depreciationAndAmortization": 3899000000, "ebitda": 22996000000, "ebitdaratio": 0.32999928248547034, "operatingIncome": 19453000000, "operatingIncomeRatio": 0.279156202913109, "totalOtherIncomeExpensesNet": -439000000, "incomeBeforeTax": 19014000000, "incomeBeforeTaxRatio": 0.2728564253426132, "incomeTaxExpense": 3012000000, "netIncome": 16002000000, "netIncomeRatio": 0.22963335007533903, "eps": 1.22, "epsdiluted": 1.21, "weightedAverageShsOut": 13133000000, "weightedAverageShsOutDil": 13239000000, "link": "https://www.sec.gov/Archives/edgar/data/1652044/000165204422000071/0001652044-22-000071-index.htm", "finalLink": "https://www.sec.gov/Archives/edgar/data/1652044/000165204422000071/goog-20220630.htm"}, {"date": "2022-03-31", "symbol": "GOOG", "reportedCurrency": "USD", "cik": "0001652044", "fillingDate": "2022-04-27", "acceptedDate": "2022-04-26 20:51:20", "calendarYear": "2022", "period": "Q1", "revenue": 68011000000, "costOfRevenue": 29599000000, "grossProfit": 38412000000, "grossProfitRatio": 0.5647909896928438, "researchAndDevelopmentExpenses": 9119000000, "generalAndAdministrativeExpenses": 3374000000, "sellingAndMarketingExpenses": 5825000000, "sellingGeneralAndAdministrativeExpenses": 9199000000, "otherExpenses": 0.0, "operatingExpenses": 18318000000, "costAndExpenses": 47917000000, "interestIncome": 414000000, "interestExpense": 83000000, "depreciationAndAmortization": 3782000000, "ebitda": 22799000000, "ebitdaratio": 0.33522518416138564, "operatingIncome": 20094000000, "operatingIncomeRatio": 0.2954522062607519, "totalOtherIncomeExpensesNet": -1160000000, "incomeBeforeTax": 18934000000, "incomeBeforeTaxRatio": 0.2783961418005911, "incomeTaxExpense": 2498000000, "netIncome": 16436000000, "netIncomeRatio": 0.24166678919586537, "eps": 1.231066989638245, "epsdiluted": 1.231066989638245, "weightedAverageShsOut": 13203420000, "weightedAverageShsOutDil": 13351020000, "link": "https://www.sec.gov/Archives/edgar/data/1652044/000165204422000029/0001652044-22-000029-index.htm", "finalLink": "https://www.sec.gov/Archives/edgar/data/1652044/000165204422000029/goog-20220331.htm"}, {"date": "2021-12-31", "symbol": "GOOG", "reportedCurrency": "USD", "cik": "0001652044", "fillingDate": "2022-02-02", "acceptedDate": "2022-02-01 21:08:02", "calendarYear": "2021", "period": "Q4", "revenue": 75325000000, "costOfRevenue": 32988000000, "grossProfit": 42337000000, "grossProfitRatio": 0.5620577497510787, "researchAndDevelopmentExpenses": 8708000000, "generalAndAdministrativeExpenses": 4140000000, "sellingAndMarketingExpenses": 7604000000, "sellingGeneralAndAdministrativeExpenses": 11744000000, "otherExpenses": 0.0, "operatingExpenses": 20452000000, "costAndExpenses": 53440000000, "interestIncome": 378000000, "interestExpense": 117000000, "depreciationAndAmortization": 3439000000, "ebitda": 27958000000, "ebitdaratio": 0.3711649518752074, "operatingIncome": 21885000000, "operatingIncomeRatio": 0.290540989047461, "totalOtherIncomeExpensesNet": 2517000000, "incomeBeforeTax": 24402000000, "incomeBeforeTaxRatio": 0.3239561898440093, "incomeTaxExpense": 3760000000, "netIncome": 20642000000, "netIncomeRatio": 0.2740391636242947, "eps": 1.5347371645504118, "epsdiluted": 1.5347371645504118, "weightedAverageShsOut": 13253260000, "weightedAverageShsOutDil": 13449860000, "link": "https://www.sec.gov/Archives/edgar/data/1652044/000165204422000019/0001652044-22-000019-index.htm", "finalLink": "https://www.sec.gov/Archives/edgar/data/1652044/000165204422000019/goog-20211231.htm"}, {"date": "2021-09-30", "symbol": "GOOG", "reportedCurrency": "USD", "cik": "0001652044", "fillingDate": "2021-10-27", "acceptedDate": "2021-10-26 19:47:06", "calendarYear": "2021", "period": "Q3", "revenue": 65118000000, "costOfRevenue": 27621000000, "grossProfit": 37497000000, "grossProfitRatio": 0.5758315673085783, "researchAndDevelopmentExpenses": 7694000000, "generalAndAdministrativeExpenses": 3256000000, "sellingAndMarketingExpenses": 5516000000, "sellingGeneralAndAdministrativeExpenses": 8772000000, "otherExpenses": 0.0, "operatingExpenses": 16466000000, "costAndExpenses": 44087000000, "interestIncome": 387000000, "interestExpense": 77000000, "depreciationAndAmortization": 3304000000, "ebitda": 26445000000, "ebitdaratio": 0.4061089099788077, "operatingIncome": 21031000000, "operatingIncomeRatio": 0.3229675358579809, "totalOtherIncomeExpensesNet": 2033000000, "incomeBeforeTax": 23064000000, "incomeBeforeTaxRatio": 0.3541877821800424, "incomeTaxExpense": 4128000000, "netIncome": 18936000000, "netIncomeRatio": 0.290795171841887, "eps": 1.3995172345492144, "epsdiluted": 1.3995172345492144, "weightedAverageShsOut": 13315160000, "weightedAverageShsOutDil": 13530380000, "link": "https://www.sec.gov/Archives/edgar/data/1652044/000165204421000057/0001652044-21-000057-index.htm", "finalLink": "https://www.sec.gov/Archives/edgar/data/1652044/000165204421000057/goog-20210930.htm"}, {"date": "2021-06-30", "symbol": "GOOG", "reportedCurrency": "USD", "cik": "0001652044", "fillingDate": "2021-07-28", "acceptedDate": "2021-07-27 20:16:30", "calendarYear": "2021", "period": "Q2", "revenue": 61880000000, "costOfRevenue": 26227000000, "grossProfit": 35653000000, "grossProfitRatio": 0.5761635423400129, "researchAndDevelopmentExpenses": 7675000000, "generalAndAdministrativeExpenses": 3341000000, "sellingAndMarketingExpenses": 5276000000, "sellingGeneralAndAdministrativeExpenses": 8617000000, "otherExpenses": 0.0, "operatingExpenses": 16292000000, "costAndExpenses": 42519000000, "interestIncome": 389000000, "interestExpense": 76000000, "depreciationAndAmortization": 2945000000, "ebitda": 25006000000, "ebitdaratio": 0.40410471881060117, "operatingIncome": 19361000000, "operatingIncomeRatio": 0.312879767291532, "totalOtherIncomeExpensesNet": 2624000000, "incomeBeforeTax": 21985000000, "incomeBeforeTaxRatio": 0.35528442146089206, "incomeTaxExpense": 3460000000, "netIncome": 18525000000, "netIncomeRatio": 0.29936974789915966, "eps": 1.3629100133605645, "epsdiluted": 1.3629100133605645, "weightedAverageShsOut": 13379160000, "weightedAverageShsOutDil": 13592240000, "link": "https://www.sec.gov/Archives/edgar/data/1652044/000165204421000047/0001652044-21-000047-index.htm", "finalLink": "https://www.sec.gov/Archives/edgar/data/1652044/000165204421000047/goog-20210630.htm"}, {"date": "2021-03-31", "symbol": "GOOG", "reportedCurrency": "USD", "cik": "0001652044", "fillingDate": "2021-04-28", "acceptedDate": "2021-04-27 19:17:57", "calendarYear": "2021", "period": "Q1", "revenue": 55314000000, "costOfRevenue": 24103000000, "grossProfit": 31211000000, "grossProfitRatio": 0.5642513649347363, "researchAndDevelopmentExpenses": 7485000000, "generalAndAdministrativeExpenses": 2773000000, "sellingAndMarketingExpenses": 4516000000, "sellingGeneralAndAdministrativeExpenses": 7289000000, "otherExpenses": 0.0, "operatingExpenses": 14774000000, "costAndExpenses": 38877000000, "interestIncome": 345000000, "interestExpense": 76000000, "depreciationAndAmortization": 2753000000, "ebitda": 24112000000, "ebitdaratio": 0.43591134251726504, "operatingIncome": 16437000000, "operatingIncomeRatio": 0.2971580431717106, "totalOtherIncomeExpensesNet": 4846000000, "incomeBeforeTax": 21283000000, "incomeBeforeTaxRatio": 0.38476696677152256, "incomeTaxExpense": 3353000000, "netIncome": 17930000000, "netIncomeRatio": 0.32414940159814876, "eps": 1.314379294824146, "epsdiluted": 1.314379294824146, "weightedAverageShsOut": 13464400000, "weightedAverageShsOutDil": 13641420000, "link": "https://www.sec.gov/Archives/edgar/data/1652044/000165204421000020/0001652044-21-000020-index.htm", "finalLink": "https://www.sec.gov/Archives/edgar/data/1652044/000165204421000020/goog-20210331.htm"}, {"date": "2020-12-31", "symbol": "GOOG", "reportedCurrency": "USD", "cik": "0001652044", "fillingDate": "2021-02-03", "acceptedDate": "2021-02-02 20:12:25", "calendarYear": "2020", "period": "Q4", "revenue": 56898000000, "costOfRevenue": 26080000000, "grossProfit": 30818000000, "grossProfitRatio": 0.5416359098738093, "researchAndDevelopmentExpenses": 7022000000, "generalAndAdministrativeExpenses": 2831000000, "sellingAndMarketingExpenses": 5314000000, "sellingGeneralAndAdministrativeExpenses": 8145000000, "otherExpenses": 0.0, "operatingExpenses": 15167000000, "costAndExpenses": 41247000000, "interestIncome": 386000000, "interestExpense": 53000000, "depreciationAndAmortization": 3725000000, "ebitda": 22467000000, "ebitdaratio": 0.39486449435832544, "operatingIncome": 15651000000, "operatingIncomeRatio": 0.27507118000632713, "totalOtherIncomeExpensesNet": 3038000000, "incomeBeforeTax": 18689000000, "incomeBeforeTaxRatio": 0.328464972406763, "incomeTaxExpense": 3462000000, "netIncome": 15227000000, "netIncomeRatio": 0.26761924847973567, "eps": 1.1147650918270082, "epsdiluted": 1.1147650918270082, "weightedAverageShsOut": 13511640000, "weightedAverageShsOutDil": 13659380000, "link": "https://www.sec.gov/Archives/edgar/data/1652044/000165204421000010/0001652044-21-000010-index.htm", "finalLink": "https://www.sec.gov/Archives/edgar/data/1652044/000165204421000010/goog-20201231.htm"}, {"date": "2020-09-30", "symbol": "GOOG", "reportedCurrency": "USD", "cik": "0001652044", "fillingDate": "2020-10-30", "acceptedDate": "2020-10-29 19:30:04", "calendarYear": "2020", "period": "Q3", "revenue": 46173000000, "costOfRevenue": 21117000000, "grossProfit": 25056000000, "grossProfitRatio": 0.5426547982587226, "researchAndDevelopmentExpenses": 6856000000, "generalAndAdministrativeExpenses": 2756000000, "sellingAndMarketingExpenses": 4231000000, "sellingGeneralAndAdministrativeExpenses": 6987000000, "otherExpenses": 0.0, "operatingExpenses": 13843000000, "costAndExpenses": 34960000000, "interestIncome": 460000000, "interestExpense": 48000000, "depreciationAndAmortization": 3478000000, "ebitda": 16885000000, "ebitdaratio": 0.3656899053559439, "operatingIncome": 11213000000, "operatingIncomeRatio": 0.24284755159941956, "totalOtherIncomeExpensesNet": 2146000000, "incomeBeforeTax": 13359000000, "incomeBeforeTaxRatio": 0.2893249301539861, "incomeTaxExpense": 2112000000, "netIncome": 11247000000, "netIncomeRatio": 0.24358391267623936, "eps": 0.8199302764011426, "epsdiluted": 0.8199302764011426, "weightedAverageShsOut": 13588980000, "weightedAverageShsOutDil": 13717020000, "link": "https://www.sec.gov/Archives/edgar/data/1652044/000165204420000050/0001652044-20-000050-index.htm", "finalLink": "https://www.sec.gov/Archives/edgar/data/1652044/000165204420000050/goog-20200930.htm"}, {"date": "2020-06-30", "symbol": "GOOG", "reportedCurrency": "USD", "cik": "0001652044", "fillingDate": "2020-07-31", "acceptedDate": "2020-07-30 19:57:55", "calendarYear": "2020", "period": "Q2", "revenue": 38297000000, "costOfRevenue": 18553000000, "grossProfit": 19744000000, "grossProfitRatio": 0.5155495208501971, "researchAndDevelopmentExpenses": 6875000000, "generalAndAdministrativeExpenses": 2585000000, "sellingAndMarketingExpenses": 3901000000, "sellingGeneralAndAdministrativeExpenses": 6486000000, "otherExpenses": 0.0, "operatingExpenses": 13361000000, "costAndExpenses": 31914000000, "interestIncome": 433000000, "interestExpense": 13000000, "depreciationAndAmortization": 3386000000, "ebitda": 11676000000, "ebitdaratio": 0.30488027782855054, "operatingIncome": 6383000000, "operatingIncomeRatio": 0.1666710186176463, "totalOtherIncomeExpensesNet": 1894000000, "incomeBeforeTax": 8277000000, "incomeBeforeTaxRatio": 0.2161265895500953, "incomeTaxExpense": 1318000000, "netIncome": 6959000000, "netIncomeRatio": 0.1817113612032274, "eps": 0.5064597452199632, "epsdiluted": 0.5064597452199632, "weightedAverageShsOut": 13635360000, "weightedAverageShsOutDil": 13740480000, "link": "https://www.sec.gov/Archives/edgar/data/1652044/000165204420000032/goog-20200630.htm", "finalLink": "https://www.sec.gov/Archives/edgar/data/1652044/000165204420000032/goog-20200630.htm"}, {"date": "2020-03-31", "symbol": "GOOG", "reportedCurrency": "USD", "cik": "0001652044", "fillingDate": "2020-04-29", "acceptedDate": "2020-04-28 18:52:33", "calendarYear": "2020", "period": "Q1", "revenue": 41159000000, "costOfRevenue": 18982000000, "grossProfit": 22177000000, "grossProfitRatio": 0.538812896328871, "researchAndDevelopmentExpenses": 6820000000, "generalAndAdministrativeExpenses": 2880000000, "sellingAndMarketingExpenses": 4500000000, "sellingGeneralAndAdministrativeExpenses": 7380000000, "otherExpenses": 0.0, "operatingExpenses": 14200000000, "costAndExpenses": 33182000000, "interestIncome": 586000000, "interestExpense": 21000000, "depreciationAndAmortization": 3108000000, "ebitda": 10886000000, "ebitdaratio": 0.2644865035593673, "operatingIncome": 7977000000, "operatingIncomeRatio": 0.1938093734055735, "totalOtherIncomeExpensesNet": -220000000, "incomeBeforeTax": 7757000000, "incomeBeforeTaxRatio": 0.1884642484025365, "incomeTaxExpense": 921000000, "netIncome": 6836000000, "netIncomeRatio": 0.16608761145800433, "eps": 0.49374013205887324, "epsdiluted": 0.49374013205887324, "weightedAverageShsOut": 13729300000, "weightedAverageShsOutDil": 13845340000, "link": "https://www.sec.gov/Archives/edgar/data/1652044/000165204420000021/0001652044-20-000021-index.htm", "finalLink": "https://www.sec.gov/Archives/edgar/data/1652044/000165204420000021/goog-20200331.htm"}, {"date": "2019-12-31", "symbol": "GOOG", "reportedCurrency": "USD", "cik": "0001652044", "fillingDate": "2020-02-04", "acceptedDate": "2020-02-03 21:03:59", "calendarYear": "2019", "period": "Q4", "revenue": 46075000000, "costOfRevenue": 21020000000, "grossProfit": 25055000000, "grossProfitRatio": 0.543787303309821, "researchAndDevelopmentExpenses": 7222000000, "generalAndAdministrativeExpenses": 2829000000, "sellingAndMarketingExpenses": 5738000000, "sellingGeneralAndAdministrativeExpenses": 8567000000, "otherExpenses": 0.0, "operatingExpenses": 15789000000, "costAndExpenses": 36809000000, "interestIncome": 621000000, "interestExpense": 17000000, "depreciationAndAmortization": 3413000000, "ebitda": 14134000000, "ebitdaratio": 0.30676071622354856, "operatingIncome": 9266000000, "operatingIncomeRatio": 0.20110689093868692, "totalOtherIncomeExpensesNet": 1438000000, "incomeBeforeTax": 10704000000, "incomeBeforeTaxRatio": 0.232316874660879, "incomeTaxExpense": 33000000, "netIncome": 10671000000, "netIncomeRatio": 0.23160065111231687, "eps": 0.7674836088919065, "epsdiluted": 0.7674836088919065, "weightedAverageShsOut": 13776120000, "weightedAverageShsOutDil": 13903880000, "link": "https://www.sec.gov/Archives/edgar/data/1652044/000165204420000008/0001652044-20-000008-index.htm", "finalLink": "https://www.sec.gov/Archives/edgar/data/1652044/000165204420000008/goog10-k2019.htm"}, {"date": "2019-09-30", "symbol": "GOOG", "reportedCurrency": "USD", "cik": "0001652044", "fillingDate": "2019-10-29", "acceptedDate": "2019-10-28 19:02:44", "calendarYear": "2019", "period": "Q3", "revenue": 40499000000, "costOfRevenue": 17568000000, "grossProfit": 22931000000, "grossProfitRatio": 0.5662115113953431, "researchAndDevelopmentExpenses": 6554000000, "generalAndAdministrativeExpenses": 2591000000, "sellingAndMarketingExpenses": 4609000000, "sellingGeneralAndAdministrativeExpenses": 7200000000, "otherExpenses": 0.0, "operatingExpenses": 13754000000, "costAndExpenses": 31322000000, "interestIncome": 631000000, "interestExpense": 23000000, "depreciationAndAmortization": 2920000000, "ebitda": 11571000000, "ebitdaratio": 0.28571075829032816, "operatingIncome": 9177000000, "operatingIncomeRatio": 0.2265981876095706, "totalOtherIncomeExpensesNet": -549000000, "incomeBeforeTax": 8628000000, "incomeBeforeTaxRatio": 0.2130422973406751, "incomeTaxExpense": 1560000000, "netIncome": 7068000000, "netIncomeRatio": 0.17452282772414135, "eps": 0.5061594187330546, "epsdiluted": 0.5061594187330546, "weightedAverageShsOut": 13858823520, "weightedAverageShsOutDil": 13963980000, "link": "https://www.sec.gov/Archives/edgar/data/1652044/000165204419000032/goog10-qq32019.htm", "finalLink": "https://www.sec.gov/Archives/edgar/data/1652044/000165204419000032/goog10-qq32019.htm"}, {"date": "2019-06-30", "symbol": "GOOG", "reportedCurrency": "USD", "cik": "0001652044", "fillingDate": "2019-07-26", "acceptedDate": "2019-07-25 18:11:13", "calendarYear": "2019", "period": "Q2", "revenue": 38944000000, "costOfRevenue": 17296000000, "grossProfit": 21648000000, "grossProfitRatio": 0.5558751027115859, "researchAndDevelopmentExpenses": 6213000000, "generalAndAdministrativeExpenses": 2043000000, "sellingAndMarketingExpenses": 4212000000, "sellingGeneralAndAdministrativeExpenses": 6255000000, "otherExpenses": 0.0, "operatingExpenses": 12468000000, "costAndExpenses": 29764000000, "interestIncome": 653000000, "interestExpense": 25000000, "depreciationAndAmortization": 2835000000, "ebitda": 15007000000, "ebitdaratio": 0.38534819227608874, "operatingIncome": 9180000000, "operatingIncomeRatio": 0.23572308956450289, "totalOtherIncomeExpensesNet": 2967000000, "incomeBeforeTax": 12147000000, "incomeBeforeTaxRatio": 0.3119094083812654, "incomeTaxExpense": 2200000000, "netIncome": 9947000000, "netIncomeRatio": 0.2554180361544782, "eps": 0.7105466930684017, "epsdiluted": 0.7105466930684017, "weightedAverageShsOut": 13882763440, "weightedAverageShsOutDil": 13999080000, "link": "https://www.sec.gov/Archives/edgar/data/1652044/000165204419000023/goog10-qq22019.htm", "finalLink": "https://www.sec.gov/Archives/edgar/data/1652044/000165204419000023/goog10-qq22019.htm"}, {"date": "2019-03-31", "symbol": "GOOG", "reportedCurrency": "USD", "cik": "0001652044", "fillingDate": "2019-04-30", "acceptedDate": "2019-04-29 19:32:43", "calendarYear": "2019", "period": "Q1", "revenue": 36339000000, "costOfRevenue": 16012000000, "grossProfit": 20327000000, "grossProfitRatio": 0.5593714741737528, "researchAndDevelopmentExpenses": 6029000000, "generalAndAdministrativeExpenses": 2088000000, "sellingAndMarketingExpenses": 3905000000, "sellingGeneralAndAdministrativeExpenses": 5993000000, "otherExpenses": 0.0, "operatingExpenses": 12022000000, "costAndExpenses": 29731000000, "interestIncome": 522000000, "interestExpense": 35000000, "depreciationAndAmortization": 2613000000, "ebitda": 10794000000, "ebitdaratio": 0.2970362420539916, "operatingIncome": 6608000000, "operatingIncomeRatio": 0.18184319876716476, "totalOtherIncomeExpensesNet": 1538000000, "incomeBeforeTax": 8146000000, "incomeBeforeTaxRatio": 0.22416687305649577, "incomeTaxExpense": 1489000000, "netIncome": 6657000000, "netIncomeRatio": 0.18319161231734502, "eps": 0.47490365669395146, "epsdiluted": 0.47490365669395146, "weightedAverageShsOut": 13897703540, "weightedAverageShsOutDil": 14017580000, "link": "https://www.sec.gov/Archives/edgar/data/1652044/000165204419000004/goog10-kq42018.htm", "finalLink": "https://www.sec.gov/Archives/edgar/data/1652044/000165204419000004/goog10-kq42018.htm"}, {"date": "2018-12-31", "symbol": "GOOG", "reportedCurrency": "USD", "cik": "0001652044", "fillingDate": "2019-02-05", "acceptedDate": "2019-02-04 21:06:38", "calendarYear": "2018", "period": "Q4", "revenue": 39276000000, "costOfRevenue": 17918000000, "grossProfit": 21358000000, "grossProfitRatio": 0.5437926469090538, "researchAndDevelopmentExpenses": 6034000000, "generalAndAdministrativeExpenses": 2021000000, "sellingAndMarketingExpenses": 5100000000, "sellingGeneralAndAdministrativeExpenses": 7121000000, "otherExpenses": 0.0, "operatingExpenses": 13155000000, "costAndExpenses": 31055000000, "interestIncome": 542000000, "interestExpense": 29000000, "depreciationAndAmortization": 2580000000, "ebitda": 12681000000, "ebitdaratio": 0.3228689275893675, "operatingIncome": 8203000000, "operatingIncomeRatio": 0.2088552805784703, "totalOtherIncomeExpensesNet": 1869000000, "incomeBeforeTax": 10072000000, "incomeBeforeTaxRatio": 0.2564415928302271, "incomeTaxExpense": 1124000000, "netIncome": 8948000000, "netIncomeRatio": 0.22782360729198492, "eps": 0.6383230679455956, "epsdiluted": 0.6383230679455956, "weightedAverageShsOut": 13905205900, "weightedAverageShsOutDil": 14017980000, "link": "https://www.sec.gov/Archives/edgar/data/1652044/000165204419000004/goog10-kq42018.htm", "finalLink": "https://www.sec.gov/Archives/edgar/data/1652044/000165204419000004/goog10-kq42018.htm"}, {"date": "2018-09-30", "symbol": "GOOG", "reportedCurrency": "USD", "cik": "0001652044", "fillingDate": "2018-10-26", "acceptedDate": "2018-10-25 17:41:36", "calendarYear": "2018", "period": "Q3", "revenue": 33740000000, "costOfRevenue": 14281000000, "grossProfit": 19459000000, "grossProfitRatio": 0.5767338470657972, "researchAndDevelopmentExpenses": 5232000000, "generalAndAdministrativeExpenses": 2068000000, "sellingAndMarketingExpenses": 3849000000, "sellingGeneralAndAdministrativeExpenses": 5917000000, "otherExpenses": 0.0, "operatingExpenses": 11149000000, "costAndExpenses": 25115000000, "interestIncome": 481000000, "interestExpense": 28000000, "depreciationAndAmortization": 2355000000, "ebitda": 12466000000, "ebitdaratio": 0.36947243627741555, "operatingIncome": 8310000000, "operatingIncomeRatio": 0.24629519857735627, "totalOtherIncomeExpensesNet": 1773000000, "incomeBeforeTax": 10083000000, "incomeBeforeTaxRatio": 0.29884410195613514, "incomeTaxExpense": 891000000, "netIncome": 9192000000, "netIncomeRatio": 0.2724362774155305, "eps": 0.6529716889320162, "epsdiluted": 0.6529716889320162, "weightedAverageShsOut": 13916729760, "weightedAverageShsOutDil": 14077180000, "link": "https://www.sec.gov/Archives/edgar/data/1652044/000165204418000035/goog10-qq32018.htm", "finalLink": "https://www.sec.gov/Archives/edgar/data/1652044/000165204418000035/goog10-qq32018.htm"}, {"date": "2018-06-30", "symbol": "GOOG", "reportedCurrency": "USD", "cik": "0001652044", "fillingDate": "2018-07-24", "acceptedDate": "2018-07-23 21:02:56", "calendarYear": "2018", "period": "Q2", "revenue": 32657000000, "costOfRevenue": 13883000000, "grossProfit": 18774000000, "grossProfitRatio": 0.5748844045686989, "researchAndDevelopmentExpenses": 5114000000, "generalAndAdministrativeExpenses": 2002000000, "sellingAndMarketingExpenses": 3780000000, "sellingGeneralAndAdministrativeExpenses": 5782000000, "otherExpenses": 0.0, "operatingExpenses": 10896000000, "costAndExpenses": 29612000000, "interestIncome": 456000000, "interestExpense": 27000000, "depreciationAndAmortization": 2114000000, "ebitda": 6356000000, "ebitdaratio": 0.19462902287411582, "operatingIncome": 2807000000, "operatingIncomeRatio": 0.08595400679793, "totalOtherIncomeExpensesNet": 1408000000, "incomeBeforeTax": 4215000000, "incomeBeforeTaxRatio": 0.12906880607526716, "incomeTaxExpense": 1020000000, "netIncome": 3195000000, "netIncomeRatio": 0.09783507364424167, "eps": 0.22716058511447615, "epsdiluted": 0.22716058511447615, "weightedAverageShsOut": 13891304340, "weightedAverageShsOutDil": 14064940000, "link": "https://www.sec.gov/Archives/edgar/data/1652044/000165204418000027/goog10-qq22018.htm", "finalLink": "https://www.sec.gov/Archives/edgar/data/1652044/000165204418000027/goog10-qq22018.htm"}, {"date": "2018-03-31", "symbol": "GOOG", "reportedCurrency": "USD", "cik": "0001652044", "fillingDate": "2018-04-24", "acceptedDate": "2018-04-23 18:54:51", "calendarYear": "2018", "period": "Q1", "revenue": 31146000000, "costOfRevenue": 13467000000, "grossProfit": 17679000000, "grossProfitRatio": 0.5676170294740898, "researchAndDevelopmentExpenses": 5039000000, "generalAndAdministrativeExpenses": 2035000000, "sellingAndMarketingExpenses": 3604000000, "sellingGeneralAndAdministrativeExpenses": 5639000000, "otherExpenses": 0.0, "operatingExpenses": 10678000000, "costAndExpenses": 23513000000, "interestIncome": 399000000, "interestExpense": 30000000, "depreciationAndAmortization": 1986000000, "ebitda": 12559000000, "ebitdaratio": 0.40322994927117445, "operatingIncome": 7001000000, "operatingIncomeRatio": 0.2247800680665254, "totalOtherIncomeExpensesNet": 3542000000, "incomeBeforeTax": 10543000000, "incomeBeforeTaxRatio": 0.3385025364412766, "incomeTaxExpense": 1142000000, "netIncome": 9401000000, "netIncomeRatio": 0.30183651191164196, "eps": 0.6666108853069062, "epsdiluted": 0.6666108853069062, "weightedAverageShsOut": 13896526240, "weightedAverageShsOutDil": 14102680000, "link": "https://www.sec.gov/Archives/edgar/data/1652044/000165204418000007/goog10-kq42017.htm", "finalLink": "https://www.sec.gov/Archives/edgar/data/1652044/000165204418000007/goog10-kq42017.htm"}, {"date": "2017-12-31", "symbol": "GOOG", "reportedCurrency": "USD", "cik": "0001652044", "fillingDate": "2018-02-06", "acceptedDate": "2018-02-05 20:46:29", "calendarYear": "2017", "period": "Q4", "revenue": 32323000000, "costOfRevenue": 14267000000, "grossProfit": 18056000000, "grossProfitRatio": 0.5586115150202642, "researchAndDevelopmentExpenses": 4306000000, "generalAndAdministrativeExpenses": 1776000000, "sellingAndMarketingExpenses": 4310000000, "sellingGeneralAndAdministrativeExpenses": 6086000000, "otherExpenses": 0.0, "operatingExpenses": 10392000000, "costAndExpenses": 24659000000, "interestIncome": 400000000, "interestExpense": 36000000, "depreciationAndAmortization": 2026000000, "ebitda": 256000000, "ebitdaratio": 0.007920056925409152, "operatingIncome": 7664000000, "operatingIncomeRatio": 0.23710670420443647, "totalOtherIncomeExpensesNet": 354000000, "incomeBeforeTax": 8018000000, "incomeBeforeTaxRatio": 0.2480586579216038, "incomeTaxExpense": 1214000000, "netIncome": -3020000000, "netIncomeRatio": -0.09343192154193608, "eps": -0.21739005246154644, "epsdiluted": -0.21739005246154644, "weightedAverageShsOut": 13885057480, "weightedAverageShsOutDil": 13892080000, "link": "https://www.sec.gov/Archives/edgar/data/1652044/000165204418000007/goog10-kq42017.htm", "finalLink": "https://www.sec.gov/Archives/edgar/data/1652044/000165204418000007/goog10-kq42017.htm"}, {"date": "2017-09-30", "symbol": "GOOG", "reportedCurrency": "USD", "cik": "0001652044", "fillingDate": "2017-10-27", "acceptedDate": "2017-10-26 17:49:09", "calendarYear": "2017", "period": "Q3", "revenue": 27772000000, "costOfRevenue": 11148000000, "grossProfit": 16624000000, "grossProfitRatio": 0.5985885064093331, "researchAndDevelopmentExpenses": 4205000000, "generalAndAdministrativeExpenses": 1595000000, "sellingAndMarketingExpenses": 3042000000, "sellingGeneralAndAdministrativeExpenses": 4637000000, "otherExpenses": 0.0, "operatingExpenses": 8842000000, "costAndExpenses": 19990000000, "interestIncome": 306000000, "interestExpense": 27000000, "depreciationAndAmortization": 1761000000, "ebitda": 9767000000, "ebitdaratio": 0.35168515051130633, "operatingIncome": 7782000000, "operatingIncomeRatio": 0.28021028373901774, "totalOtherIncomeExpensesNet": 197000000, "incomeBeforeTax": 7979000000, "incomeBeforeTaxRatio": 0.2873037591819098, "incomeTaxExpense": 1247000000, "netIncome": 6732000000, "netIncomeRatio": 0.2424024197032983, "eps": 0.4783179578125266, "epsdiluted": 0.4783179578125266, "weightedAverageShsOut": 13866117400, "weightedAverageShsOutDil": 14074320000, "link": "https://www.sec.gov/Archives/edgar/data/1652044/000165204417000042/goog10-qq32017.htm", "finalLink": "https://www.sec.gov/Archives/edgar/data/1652044/000165204417000042/goog10-qq32017.htm"}, {"date": "2017-06-30", "symbol": "GOOG", "reportedCurrency": "USD", "cik": "0001652044", "fillingDate": "2017-07-25", "acceptedDate": "2017-07-24 18:23:27", "calendarYear": "2017", "period": "Q2", "revenue": 26010000000, "costOfRevenue": 10373000000, "grossProfit": 15637000000, "grossProfitRatio": 0.6011918492887351, "researchAndDevelopmentExpenses": 4172000000, "generalAndAdministrativeExpenses": 1700000000, "sellingAndMarketingExpenses": 2897000000, "sellingGeneralAndAdministrativeExpenses": 4597000000, "otherExpenses": 0.0, "operatingExpenses": 8769000000, "costAndExpenses": 21878000000, "interestIncome": 294000000, "interestExpense": 21000000, "depreciationAndAmortization": 1625000000, "ebitda": 6023000000, "ebitdaratio": 0.23156478277585543, "operatingIncome": 4132000000, "operatingIncomeRatio": 0.15886197616301423, "totalOtherIncomeExpensesNet": 245000000, "incomeBeforeTax": 4377000000, "incomeBeforeTaxRatio": 0.1682814302191465, "incomeTaxExpense": 853000000, "netIncome": 3524000000, "netIncomeRatio": 0.13548635140330642, "eps": 0.25046090777153757, "epsdiluted": 0.25046090777153757, "weightedAverageShsOut": 13846758340, "weightedAverageShsOutDil": 14070060000, "link": "https://www.sec.gov/Archives/edgar/data/1652044/000165204417000026/goog10-qq22017.htm", "finalLink": "https://www.sec.gov/Archives/edgar/data/1652044/000165204417000026/goog10-qq22017.htm"}, {"date": "2017-03-31", "symbol": "GOOG", "reportedCurrency": "USD", "cik": "0001652044", "fillingDate": "2017-05-02", "acceptedDate": "2017-05-02 16:25:09", "calendarYear": "2017", "period": "Q1", "revenue": 24750000000, "costOfRevenue": 9795000000, "grossProfit": 14955000000, "grossProfitRatio": 0.6042424242424242, "researchAndDevelopmentExpenses": 3942000000, "generalAndAdministrativeExpenses": 1801000000, "sellingAndMarketingExpenses": 2644000000, "sellingGeneralAndAdministrativeExpenses": 4445000000, "otherExpenses": 0.0, "operatingExpenses": 8387000000, "costAndExpenses": 18182000000, "interestIncome": 312000000, "interestExpense": 25000000, "depreciationAndAmortization": 1503000000, "ebitda": 8347000000, "ebitdaratio": 0.33725252525252525, "operatingIncome": 6568000000, "operatingIncomeRatio": 0.2653737373737374, "totalOtherIncomeExpensesNet": 251000000, "incomeBeforeTax": 6819000000, "incomeBeforeTaxRatio": 0.2755151515151515, "incomeTaxExpense": 1393000000, "netIncome": 5426000000, "netIncomeRatio": 0.21923232323232322, "eps": 0.3864474186508954, "epsdiluted": 0.3864474186508954, "weightedAverageShsOut": 13824203820, "weightedAverageShsOutDil": 14040720000, "link": "https://www.sec.gov/Archives/edgar/data/1652044/000165204417000008/goog10-kq42016.htm", "finalLink": "https://www.sec.gov/Archives/edgar/data/1652044/000165204417000008/goog10-kq42016.htm"}, {"date": "2016-12-31", "symbol": "GOOG", "reportedCurrency": "USD", "cik": "0001652044", "fillingDate": "2017-02-03", "acceptedDate": "2017-02-02 18:13:47", "calendarYear": "2016", "period": "Q4", "revenue": 26064000000, "costOfRevenue": 10661000000, "grossProfit": 15403000000, "grossProfitRatio": 0.5909683855125845, "researchAndDevelopmentExpenses": 3622000000, "generalAndAdministrativeExpenses": 2024000000, "sellingAndMarketingExpenses": 3118000000, "sellingGeneralAndAdministrativeExpenses": 5142000000, "otherExpenses": 0.0, "operatingExpenses": 8764000000, "costAndExpenses": 19425000000, "interestIncome": 325000000, "interestExpense": 33000000, "depreciationAndAmortization": 1687000000, "ebitda": 8577000000, "ebitdaratio": 0.32907458563535913, "operatingIncome": 6639000000, "operatingIncomeRatio": 0.25471915285451197, "totalOtherIncomeExpensesNet": 218000000, "incomeBeforeTax": 6857000000, "incomeBeforeTaxRatio": 0.26308317986494784, "incomeTaxExpense": 1524000000, "netIncome": 5333000000, "netIncomeRatio": 0.20461172498465316, "eps": 0.3808083447940008, "epsdiluted": 0.3808083447940008, "weightedAverageShsOut": 13798188880, "weightedAverageShsOutDil": 14004420000, "link": "https://www.sec.gov/Archives/edgar/data/1652044/000165204417000008/goog10-kq42016.htm", "finalLink": "https://www.sec.gov/Archives/edgar/data/1652044/000165204417000008/goog10-kq42016.htm"}, {"date": "2016-09-30", "symbol": "GOOG", "reportedCurrency": "USD", "cik": "0001652044", "fillingDate": "2016-11-03", "acceptedDate": "2016-11-02 17:46:02", "calendarYear": "2016", "period": "Q3", "revenue": 22451000000, "costOfRevenue": 8699000000, "grossProfit": 13752000000, "grossProfitRatio": 0.6125339628524342, "researchAndDevelopmentExpenses": 3596000000, "generalAndAdministrativeExpenses": 1824000000, "sellingAndMarketingExpenses": 2565000000, "sellingGeneralAndAdministrativeExpenses": 4389000000, "otherExpenses": 0.0, "operatingExpenses": 7985000000, "costAndExpenses": 16684000000, "interestIncome": 318000000, "interestExpense": 29000000, "depreciationAndAmortization": 1596000000, "ebitda": 7670000000, "ebitdaratio": 0.34163288940359005, "operatingIncome": 5767000000, "operatingIncomeRatio": 0.2568705180170148, "totalOtherIncomeExpensesNet": 278000000, "incomeBeforeTax": 6045000000, "incomeBeforeTaxRatio": 0.2692530399536769, "incomeTaxExpense": 984000000, "netIncome": 5061000000, "netIncomeRatio": 0.22542425727139104, "eps": 0.3623074279823607, "epsdiluted": 0.3623074279823607, "weightedAverageShsOut": 13752717400, "weightedAverageShsOutDil": 13968800000, "link": "https://www.sec.gov/Archives/edgar/data/1652044/000165204416000038/goog10-qq32016.htm", "finalLink": "https://www.sec.gov/Archives/edgar/data/1652044/000165204416000038/goog10-qq32016.htm"}, {"date": "2016-06-30", "symbol": "GOOG", "reportedCurrency": "USD", "cik": "0001652044", "fillingDate": "2016-08-04", "acceptedDate": "2016-08-04 16:22:44", "calendarYear": "2016", "period": "Q2", "revenue": 21500000000, "costOfRevenue": 8130000000, "grossProfit": 13370000000, "grossProfitRatio": 0.621860465116279, "researchAndDevelopmentExpenses": 3363000000, "generalAndAdministrativeExpenses": 1624000000, "sellingAndMarketingExpenses": 2415000000, "sellingGeneralAndAdministrativeExpenses": 4039000000, "otherExpenses": 0.0, "operatingExpenses": 7402000000, "costAndExpenses": 15532000000, "interestIncome": 307000000, "interestExpense": 32000000, "depreciationAndAmortization": 1490000000, "ebitda": 7641000000, "ebitdaratio": 0.3553953488372093, "operatingIncome": 5968000000, "operatingIncomeRatio": 0.2775813953488372, "totalOtherIncomeExpensesNet": 151000000, "incomeBeforeTax": 6119000000, "incomeBeforeTaxRatio": 0.2846046511627907, "incomeTaxExpense": 1242000000, "netIncome": 4877000000, "netIncomeRatio": 0.2268372093023256, "eps": 0.3499333426132279, "epsdiluted": 0.3499333426132279, "weightedAverageShsOut": 13718706040, "weightedAverageShsOutDil": 13936940000, "link": "https://www.sec.gov/Archives/edgar/data/1652044/000165204416000032/goog10-qq22016.htm", "finalLink": "https://www.sec.gov/Archives/edgar/data/1652044/000165204416000032/goog10-qq22016.htm"}, {"date": "2016-03-31", "symbol": "GOOG", "reportedCurrency": "USD", "cik": "0001652044", "fillingDate": "2016-05-03", "acceptedDate": "2016-05-02 20:56:36", "calendarYear": "2016", "period": "Q1", "revenue": 20257000000, "costOfRevenue": 7648000000, "grossProfit": 12609000000, "grossProfitRatio": 0.6224514982475193, "researchAndDevelopmentExpenses": 3367000000, "generalAndAdministrativeExpenses": 1513000000, "sellingAndMarketingExpenses": 2387000000, "sellingGeneralAndAdministrativeExpenses": 3900000000, "otherExpenses": 0.0, "operatingExpenses": 7267000000, "costAndExpenses": 14915000000, "interestIncome": 270000000, "interestExpense": 30000000, "depreciationAndAmortization": 1371000000, "ebitda": 6530000000, "ebitdaratio": 0.3223577035098978, "operatingIncome": 5342000000, "operatingIncomeRatio": 0.2637113096707311, "totalOtherIncomeExpensesNet": -213000000, "incomeBeforeTax": 5129000000, "incomeBeforeTaxRatio": 0.2531964259268401, "incomeTaxExpense": 922000000, "netIncome": 4207000000, "netIncomeRatio": 0.2076812953546922, "eps": 0.30079606927389957, "epsdiluted": 0.30079606927389957, "weightedAverageShsOut": 13748366020, "weightedAverageShsOutDil": 13986220000, "link": "https://www.sec.gov/Archives/edgar/data/1652044/000165204416000012/goog10-k2015.htm", "finalLink": "https://www.sec.gov/Archives/edgar/data/1652044/000165204416000012/goog10-k2015.htm"}, {"date": "2015-12-31", "symbol": "GOOG", "reportedCurrency": "USD", "cik": "0001652044", "fillingDate": "2016-02-11", "acceptedDate": "2016-02-11 16:38:35", "calendarYear": "2015", "period": "Q4", "revenue": 21329000000, "costOfRevenue": 8188000000, "grossProfit": 13141000000, "grossProfitRatio": 0.6161095222467063, "researchAndDevelopmentExpenses": 3510000000, "generalAndAdministrativeExpenses": 1572000000, "sellingAndMarketingExpenses": 2679000000, "sellingGeneralAndAdministrativeExpenses": 4251000000, "otherExpenses": 0.0, "operatingExpenses": 7761000000, "costAndExpenses": 15949000000, "interestIncome": 274000000, "interestExpense": 26000000, "depreciationAndAmortization": 1404000000, "ebitda": 6630000000, "ebitdaratio": 0.31084439026677296, "operatingIncome": 5380000000, "operatingIncomeRatio": 0.25223873599324864, "totalOtherIncomeExpensesNet": -180000000, "incomeBeforeTax": 5200000000, "incomeBeforeTaxRatio": 0.24379952177786113, "incomeTaxExpense": 277000000, "netIncome": 4923000000, "netIncomeRatio": 0.23081250879084814, "eps": 0.35314371794411964, "epsdiluted": 0.35314371794411964, "weightedAverageShsOut": 13751396640, "weightedAverageShsOutDil": 13940500000, "link": "https://www.sec.gov/Archives/edgar/data/1652044/000165204416000012/goog10-k2015.htm", "finalLink": "https://www.sec.gov/Archives/edgar/data/1652044/000165204416000012/goog10-k2015.htm"}, {"date": "2015-09-30", "symbol": "GOOG", "reportedCurrency": "USD", "cik": "0001652044", "fillingDate": "2015-09-30", "acceptedDate": "2015-09-30", "calendarYear": "2015", "period": "Q3", "revenue": 18675000000, "costOfRevenue": 7037000000, "grossProfit": 11638000000, "grossProfitRatio": 0.623186077643909, "researchAndDevelopmentExpenses": 3230000000, "generalAndAdministrativeExpenses": 1477000000, "sellingAndMarketingExpenses": 2223000000, "sellingGeneralAndAdministrativeExpenses": 3700000000, "otherExpenses": 0.0, "operatingExpenses": 6930000000, "costAndExpenses": 13967000000, "interestIncome": 259000000, "interestExpense": 26000000, "depreciationAndAmortization": 1248000000, "ebitda": 6165000000, "ebitdaratio": 0.3301204819277108, "operatingIncome": 4708000000, "operatingIncomeRatio": 0.2521017402945114, "totalOtherIncomeExpensesNet": 183000000, "incomeBeforeTax": 4891000000, "incomeBeforeTaxRatio": 0.26190093708165996, "incomeTaxExpense": 912000000, "netIncome": 3979000000, "netIncomeRatio": 0.21306559571619813, "eps": 0.28653976054234437, "epsdiluted": 0.28653976054234437, "weightedAverageShsOut": 13720689660, "weightedAverageShsOutDil": 13886380000, "link": "", "finalLink": ""}, {"date": "2015-06-30", "symbol": "GOOG", "reportedCurrency": "USD", "cik": "0001652044", "fillingDate": "2015-06-30", "acceptedDate": "2015-06-30", "calendarYear": "2015", "period": "Q2", "revenue": 17727000000, "costOfRevenue": 6583000000, "grossProfit": 11144000000, "grossProfitRatio": 0.6286455689061883, "researchAndDevelopmentExpenses": 2789000000, "generalAndAdministrativeExpenses": 1450000000, "sellingAndMarketingExpenses": 2080000000, "sellingGeneralAndAdministrativeExpenses": 3530000000, "otherExpenses": 0.0, "operatingExpenses": 6319000000, "costAndExpenses": 12902000000, "interestIncome": 240000000, "interestExpense": 26000000, "depreciationAndAmortization": 1234000000, "ebitda": 6216000000, "ebitdaratio": 0.3506515484853613, "operatingIncome": 4825000000, "operatingIncomeRatio": 0.2721836746206352, "totalOtherIncomeExpensesNet": 131000000, "incomeBeforeTax": 4956000000, "incomeBeforeTaxRatio": 0.2795735319004908, "incomeTaxExpense": 1025000000, "netIncome": 3931000000, "netIncomeRatio": 0.22175212951994133, "eps": 0.2842450866273598, "epsdiluted": 0.2842450866273598, "weightedAverageShsOut": 13663326660, "weightedAverageShsOutDil": 13829614600, "link": "", "finalLink": ""}, {"date": "2015-03-31", "symbol": "GOOG", "reportedCurrency": "USD", "cik": "0001652044", "fillingDate": "2015-03-31", "acceptedDate": "2015-03-31", "calendarYear": "2015", "period": "Q1", "revenue": 17258000000, "costOfRevenue": 6356000000, "grossProfit": 10902000000, "grossProfitRatio": 0.6317070344188203, "researchAndDevelopmentExpenses": 2753000000, "generalAndAdministrativeExpenses": 1637000000, "sellingAndMarketingExpenses": 2065000000, "sellingGeneralAndAdministrativeExpenses": 3702000000, "otherExpenses": 0.0, "operatingExpenses": 6455000000, "costAndExpenses": 12811000000, "interestIncome": 226000000, "interestExpense": 26000000, "depreciationAndAmortization": 1177000000, "ebitda": 5807000000, "ebitdaratio": 0.33648163170703443, "operatingIncome": 4447000000, "operatingIncomeRatio": 0.2576775987947619, "totalOtherIncomeExpensesNet": 157000000, "incomeBeforeTax": 4604000000, "incomeBeforeTaxRatio": 0.26677482906478156, "incomeTaxExpense": 1018000000, "netIncome": 3586000000, "netIncomeRatio": 0.20778769266427163, "eps": 0.2600442640877856, "epsdiluted": 0.2600442640877856, "weightedAverageShsOut": 13618300000, "weightedAverageShsOutDil": 13789960000, "link": "", "finalLink": ""}, {"date": "2014-12-31", "symbol": "GOOG", "reportedCurrency": "USD", "cik": "0001652044", "fillingDate": "2014-12-31", "acceptedDate": "2014-12-31", "calendarYear": "2014", "period": "Q4", "revenue": 18103000000, "costOfRevenue": 6921000000, "grossProfit": 11182000000, "grossProfitRatio": 0.6176876760757886, "researchAndDevelopmentExpenses": 2813000000, "generalAndAdministrativeExpenses": 1593000000, "sellingAndMarketingExpenses": 2377000000, "sellingGeneralAndAdministrativeExpenses": 3970000000, "otherExpenses": 0.0, "operatingExpenses": 6783000000, "costAndExpenses": 13704000000, "interestIncome": 222000000, "interestExpense": 25000000, "depreciationAndAmortization": 1267000000, "ebitda": 6786000000, "ebitdaratio": 0.3748549964094349, "operatingIncome": 4399000000, "operatingIncomeRatio": 0.2429983980555709, "totalOtherIncomeExpensesNet": 128000000, "incomeBeforeTax": 4527000000, "incomeBeforeTaxRatio": 0.2500690493288405, "incomeTaxExpense": 737000000, "netIncome": 4757000000, "netIncomeRatio": 0.26277412583549686, "eps": 0.3454656633129554, "epsdiluted": 0.3454656633129554, "weightedAverageShsOut": 13578860000, "weightedAverageShsOutDil": 13769820000, "link": "", "finalLink": ""}, {"date": "2014-09-30", "symbol": "GOOG", "reportedCurrency": "USD", "cik": "0001652044", "fillingDate": "2014-09-30", "acceptedDate": "2014-09-30", "calendarYear": "2014", "period": "Q3", "revenue": 16523000000, "costOfRevenue": 6695000000, "grossProfit": 9828000000, "grossProfitRatio": 0.5948072383949646, "researchAndDevelopmentExpenses": 2655000000, "generalAndAdministrativeExpenses": 1365000000, "sellingAndMarketingExpenses": 2084000000, "sellingGeneralAndAdministrativeExpenses": 3449000000, "otherExpenses": 0.0, "operatingExpenses": 6104000000, "costAndExpenses": 12799000000, "interestIncome": 187000000, "interestExpense": 25000000, "depreciationAndAmortization": 1547000000, "ebitda": 5244000000, "ebitdaratio": 0.31737577921684923, "operatingIncome": 3724000000, "operatingIncomeRatio": 0.22538279973370454, "totalOtherIncomeExpensesNet": 133000000, "incomeBeforeTax": 3857000000, "incomeBeforeTaxRatio": 0.23343218543847968, "incomeTaxExpense": 859000000, "netIncome": 2813000000, "netIncomeRatio": 0.17024753374084609, "eps": 0.204369274136716, "epsdiluted": 0.204369274136716, "weightedAverageShsOut": 13541940000, "weightedAverageShsOutDil": 13764300000, "link": "", "finalLink": ""}, {"date": "2014-06-30", "symbol": "GOOG", "reportedCurrency": "USD", "cik": "0001652044", "fillingDate": "2014-06-30", "acceptedDate": "2014-06-30", "calendarYear": "2014", "period": "Q2", "revenue": 15955000000, "costOfRevenue": 6114000000, "grossProfit": 9841000000, "grossProfitRatio": 0.6167972422438107, "researchAndDevelopmentExpenses": 2238000000, "generalAndAdministrativeExpenses": 1404000000, "sellingAndMarketingExpenses": 1941000000, "sellingGeneralAndAdministrativeExpenses": 3345000000, "otherExpenses": 0.0, "operatingExpenses": 5583000000, "costAndExpenses": 11697000000, "interestIncome": 169000000, "interestExpense": 27000000, "depreciationAndAmortization": 1079000000, "ebitda": 5441000000, "ebitdaratio": 0.34102162331557506, "operatingIncome": 4258000000, "operatingIncomeRatio": 0.26687558759009716, "totalOtherIncomeExpensesNet": 145000000, "incomeBeforeTax": 4403000000, "incomeBeforeTaxRatio": 0.2759636477593231, "incomeTaxExpense": 913000000, "netIncome": 3422000000, "netIncomeRatio": 0.21447821999373237, "eps": 0.24928499933708548, "epsdiluted": 0.24928499933708548, "weightedAverageShsOut": 13502300000, "weightedAverageShsOutDil": 13727260000, "link": "", "finalLink": ""}, {"date": "2014-03-31", "symbol": "GOOG", "reportedCurrency": "USD", "cik": "0001652044", "fillingDate": "2014-03-31", "acceptedDate": "2014-03-31", "calendarYear": "2014", "period": "Q1", "revenue": 15420000000, "costOfRevenue": 5961000000, "grossProfit": 9459000000, "grossProfitRatio": 0.6134241245136187, "researchAndDevelopmentExpenses": 2126000000, "generalAndAdministrativeExpenses": 1489000000, "sellingAndMarketingExpenses": 1729000000, "sellingGeneralAndAdministrativeExpenses": 3218000000, "otherExpenses": 0.0, "operatingExpenses": 5344000000, "costAndExpenses": 11305000000, "interestIncome": 168000000, "interestExpense": 24000000, "depreciationAndAmortization": 1086000000, "ebitda": 5384000000, "ebitdaratio": 0.3491569390402075, "operatingIncome": 4115000000, "operatingIncomeRatio": 0.26686121919584954, "totalOtherIncomeExpensesNet": 357000000, "incomeBeforeTax": 4472000000, "incomeBeforeTaxRatio": 0.2900129701686122, "incomeTaxExpense": 822000000, "netIncome": 3452000000, "netIncomeRatio": 0.2238651102464332, "eps": 0.252136913663094, "epsdiluted": 0.252136913663094, "weightedAverageShsOut": 13438718700, "weightedAverageShsOutDil": 13690974280, "link": "", "finalLink": ""}, {"date": "2013-12-31", "symbol": "GOOG", "reportedCurrency": "USD", "cik": "0001652044", "fillingDate": "2013-12-31", "acceptedDate": "2013-12-31", "calendarYear": "2013", "period": "Q4", "revenue": 16858000000, "costOfRevenue": 7438000000, "grossProfit": 9420000000, "grossProfitRatio": 0.5587851465179736, "researchAndDevelopmentExpenses": 2111000000, "generalAndAdministrativeExpenses": 1261000000, "sellingAndMarketingExpenses": 2126000000, "sellingGeneralAndAdministrativeExpenses": 3387000000, "otherExpenses": 0.0, "operatingExpenses": 5498000000, "costAndExpenses": 12936000000, "interestIncome": 215000000, "interestExpense": 21000000, "depreciationAndAmortization": 1036000000, "ebitda": 5099000000, "ebitdaratio": 0.302467671135366, "operatingIncome": 3922000000, "operatingIncomeRatio": 0.23264918732945783, "totalOtherIncomeExpensesNet": 125000000, "incomeBeforeTax": 4047000000, "incomeBeforeTaxRatio": 0.24006406453909124, "incomeTaxExpense": 666000000, "netIncome": 3376000000, "netIncomeRatio": 0.2002610036777791, "eps": 0.2477449711153874, "epsdiluted": 0.2477449711153874, "weightedAverageShsOut": 13380475140, "weightedAverageShsOutDil": 13626916360, "link": "", "finalLink": ""}, {"date": "2013-09-30", "symbol": "GOOG", "reportedCurrency": "USD", "cik": "0001652044", "fillingDate": "2013-09-30", "acceptedDate": "2013-09-30", "calendarYear": "2013", "period": "Q3", "revenue": 14893000000, "costOfRevenue": 6413000000, "grossProfit": 8480000000, "grossProfitRatio": 0.5693950177935944, "researchAndDevelopmentExpenses": 2017000000, "generalAndAdministrativeExpenses": 1213000000, "sellingAndMarketingExpenses": 1806000000, "sellingGeneralAndAdministrativeExpenses": 3019000000, "otherExpenses": 0.0, "operatingExpenses": 5036000000, "costAndExpenses": 11449000000, "interestIncome": 201000000, "interestExpense": 22000000, "depreciationAndAmortization": 974000000, "ebitda": 4479000000, "ebitdaratio": 0.30074531659168735, "operatingIncome": 3444000000, "operatingIncomeRatio": 0.23124958033975693, "totalOtherIncomeExpensesNet": 24000000, "incomeBeforeTax": 3468000000, "incomeBeforeTaxRatio": 0.23286107567313502, "incomeTaxExpense": 513000000, "netIncome": 2970000000, "netIncomeRatio": 0.1994225475055395, "eps": 0.21908689741869472, "epsdiluted": 0.21908689741869472, "weightedAverageShsOut": 13331722380, "weightedAverageShsOutDil": 13556264820, "link": "", "finalLink": ""}, {"date": "2013-06-30", "symbol": "GOOG", "reportedCurrency": "USD", "cik": "0001652044", "fillingDate": "2013-06-30", "acceptedDate": "2013-06-30", "calendarYear": "2013", "period": "Q2", "revenue": 14105000000, "costOfRevenue": 6063000000, "grossProfit": 8042000000, "grossProfitRatio": 0.5701524282169443, "researchAndDevelopmentExpenses": 1987000000, "generalAndAdministrativeExpenses": 1197000000, "sellingAndMarketingExpenses": 1735000000, "sellingGeneralAndAdministrativeExpenses": 2932000000, "otherExpenses": 0.0, "operatingExpenses": 4919000000, "costAndExpenses": 10982000000, "interestIncome": 186000000, "interestExpense": 19000000, "depreciationAndAmortization": 1030000000, "ebitda": 5093000000, "ebitdaratio": 0.36107763204537396, "operatingIncome": 3123000000, "operatingIncomeRatio": 0.22141084721729884, "totalOtherIncomeExpensesNet": 247000000, "incomeBeforeTax": 3370000000, "incomeBeforeTaxRatio": 0.238922367954626, "incomeTaxExpense": 816000000, "netIncome": 3228000000, "netIncomeRatio": 0.22885501595179014, "eps": 0.23875069341803198, "epsdiluted": 0.23875069341803198, "weightedAverageShsOut": 13286326360, "weightedAverageShsOutDil": 13520379580, "link": "", "finalLink": ""}, {"date": "2013-03-31", "symbol": "GOOG", "reportedCurrency": "USD", "cik": "0001652044", "fillingDate": "2013-03-31", "acceptedDate": "2013-03-31", "calendarYear": "2013", "period": "Q1", "revenue": 13969000000, "costOfRevenue": 5944000000, "grossProfit": 8025000000, "grossProfitRatio": 0.574486362660176, "researchAndDevelopmentExpenses": 1837000000, "generalAndAdministrativeExpenses": 1125000000, "sellingAndMarketingExpenses": 1586000000, "sellingGeneralAndAdministrativeExpenses": 2711000000, "otherExpenses": 0.0, "operatingExpenses": 4548000000, "costAndExpenses": 10492000000, "interestIncome": 183000000, "interestExpense": 21000000, "depreciationAndAmortization": 899000000, "ebitda": 4553000000, "ebitdaratio": 0.3259360011453934, "operatingIncome": 3477000000, "operatingIncomeRatio": 0.24890829694323144, "totalOtherIncomeExpensesNet": 134000000, "incomeBeforeTax": 3611000000, "incomeBeforeTaxRatio": 0.2585009664256568, "incomeTaxExpense": 287000000, "netIncome": 3346000000, "netIncomeRatio": 0.2395303887178753, "eps": 0.2487088029031349, "epsdiluted": 0.2487088029031349, "weightedAverageShsOut": 13205364820, "weightedAverageShsOutDil": 13453484400, "link": "", "finalLink": ""}, {"date": "2012-12-31", "symbol": "GOOG", "reportedCurrency": "USD", "cik": "0001652044", "fillingDate": "2012-12-31", "acceptedDate": "2012-12-31", "calendarYear": "2012", "period": "Q4", "revenue": 13215000000, "costOfRevenue": 5278000000, "grossProfit": 7937000000, "grossProfitRatio": 0.6006053726825576, "researchAndDevelopmentExpenses": 1758000000, "generalAndAdministrativeExpenses": 1066000000, "sellingAndMarketingExpenses": 1681000000, "sellingGeneralAndAdministrativeExpenses": 2747000000, "otherExpenses": 0.0, "operatingExpenses": 4505000000, "costAndExpenses": 9783000000, "interestIncome": 179000000, "interestExpense": 21000000, "depreciationAndAmortization": 953000000, "ebitda": 4508000000, "ebitdaratio": 0.34112750662126373, "operatingIncome": 3432000000, "operatingIncomeRatio": 0.2597048808172531, "totalOtherIncomeExpensesNet": 153000000, "incomeBeforeTax": 3585000000, "incomeBeforeTaxRatio": 0.27128263337116915, "incomeTaxExpense": 648000000, "netIncome": 2886000000, "netIncomeRatio": 0.21838819523269012, "eps": 0.21559661985378265, "epsdiluted": 0.21559661985378265, "weightedAverageShsOut": 13161767060, "weightedAverageShsOutDil": 13386109680, "link": "", "finalLink": ""}, {"date": "2012-09-30", "symbol": "GOOG", "reportedCurrency": "USD", "cik": "0001652044", "fillingDate": "2012-09-30", "acceptedDate": "2012-09-30", "calendarYear": "2012", "period": "Q3", "revenue": 14101000000, "costOfRevenue": 6554000000, "grossProfit": 7547000000, "grossProfitRatio": 0.5352102687752641, "researchAndDevelopmentExpenses": 2009000000, "generalAndAdministrativeExpenses": 1042000000, "sellingAndMarketingExpenses": 1760000000, "sellingGeneralAndAdministrativeExpenses": 2802000000, "otherExpenses": 0.0, "operatingExpenses": 4811000000, "costAndExpenses": 11365000000, "interestIncome": 172000000, "interestExpense": 21000000, "depreciationAndAmortization": 828000000, "ebitda": 3648000000, "ebitdaratio": 0.2587050563789802, "operatingIncome": 2736000000, "operatingIncomeRatio": 0.19402879228423517, "totalOtherIncomeExpensesNet": 63000000, "incomeBeforeTax": 2799000000, "incomeBeforeTaxRatio": 0.19849656052762216, "incomeTaxExpense": 623000000, "netIncome": 2176000000, "netIncomeRatio": 0.1543152967874619, "eps": 0.16336760601518566, "epsdiluted": 0.16336760601518566, "weightedAverageShsOut": 13098708160, "weightedAverageShsOutDil": 13319654080, "link": "", "finalLink": ""}, {"date": "2012-06-30", "symbol": "GOOG", "reportedCurrency": "USD", "cik": "0001652044", "fillingDate": "2012-06-30", "acceptedDate": "2012-06-30", "calendarYear": "2012", "period": "Q2", "revenue": 12214000000, "costOfRevenue": 5013000000, "grossProfit": 7201000000, "grossProfitRatio": 0.5895693466513836, "researchAndDevelopmentExpenses": 1585000000, "generalAndAdministrativeExpenses": 980000000, "sellingAndMarketingExpenses": 1433000000, "sellingGeneralAndAdministrativeExpenses": 2413000000, "otherExpenses": 0.0, "operatingExpenses": 3998000000, "costAndExpenses": 9011000000, "interestIncome": 180000000, "interestExpense": 22000000, "depreciationAndAmortization": 670000000, "ebitda": 4149000000, "ebitdaratio": 0.3396921565416735, "operatingIncome": 3203000000, "operatingIncomeRatio": 0.26224005239888654, "totalOtherIncomeExpensesNet": 254000000, "incomeBeforeTax": 3457000000, "incomeBeforeTaxRatio": 0.28303586048796464, "incomeTaxExpense": 672000000, "netIncome": 2785000000, "netIncomeRatio": 0.22801702963812018, "eps": 0.21068300230900702, "epsdiluted": 0.21068300230900702, "weightedAverageShsOut": 13038246740, "weightedAverageShsOutDil": 13218911680, "link": "", "finalLink": ""}, {"date": "2012-03-31", "symbol": "GOOG", "reportedCurrency": "USD", "cik": "0001652044", "fillingDate": "2012-03-31", "acceptedDate": "2012-03-31", "calendarYear": "2012", "period": "Q1", "revenue": 10645000000, "costOfRevenue": 3789000000, "grossProfit": 6856000000, "grossProfitRatio": 0.6440582433067168, "researchAndDevelopmentExpenses": 1441000000, "generalAndAdministrativeExpenses": 757000000, "sellingAndMarketingExpenses": 1269000000, "sellingGeneralAndAdministrativeExpenses": 2026000000, "otherExpenses": 0.0, "operatingExpenses": 3467000000, "costAndExpenses": 7256000000, "interestIncome": 182000000, "interestExpense": 20000000, "depreciationAndAmortization": 511000000, "ebitda": 4076000000, "ebitdaratio": 0.38290277125410993, "operatingIncome": 3389000000, "operatingIncomeRatio": 0.3183654297792391, "totalOtherIncomeExpensesNet": 156000000, "incomeBeforeTax": 3545000000, "incomeBeforeTaxRatio": 0.3330201972757163, "incomeTaxExpense": 655000000, "netIncome": 2890000000, "netIncomeRatio": 0.271488961953969, "eps": 0.21906125306772167, "epsdiluted": 0.21906125306772167, "weightedAverageShsOut": 12999364420, "weightedAverageShsOutDil": 13192657120, "link": "", "finalLink": ""}, {"date": "2011-12-31", "symbol": "GOOG", "reportedCurrency": "USD", "cik": "0001652044", "fillingDate": "2011-12-31", "acceptedDate": "2011-12-31", "calendarYear": "2011", "period": "Q4", "revenue": 10583000000, "costOfRevenue": 3703000000, "grossProfit": 6880000000, "grossProfitRatio": 0.6500992157233298, "researchAndDevelopmentExpenses": 1301000000, "generalAndAdministrativeExpenses": 1305000000, "sellingAndMarketingExpenses": 1267000000, "sellingGeneralAndAdministrativeExpenses": 2572000000, "otherExpenses": -500000000, "operatingExpenses": 3373000000, "costAndExpenses": 7076000000, "interestIncome": 199000000, "interestExpense": 20000000, "depreciationAndAmortization": 503000000, "ebitda": 4012000000, "ebitdaratio": 0.37909855428517436, "operatingIncome": 3507000000, "operatingIncomeRatio": 0.3313805159217613, "totalOtherIncomeExpensesNet": -18000000, "incomeBeforeTax": 3489000000, "incomeBeforeTaxRatio": 0.32967967495039213, "incomeTaxExpense": 785000000, "netIncome": 2704000000, "netIncomeRatio": 0.2555041103656808, "eps": 0.20939023162448514, "epsdiluted": 0.20939023162448514, "weightedAverageShsOut": 12913687420, "weightedAverageShsOutDil": 12913687420, "link": "", "finalLink": ""}, {"date": "2011-09-30", "symbol": "GOOG", "reportedCurrency": "USD", "cik": "0001652044", "fillingDate": "2011-09-30", "acceptedDate": "2011-09-30", "calendarYear": "2011", "period": "Q3", "revenue": 9720000000, "costOfRevenue": 3378000000, "grossProfit": 6342000000, "grossProfitRatio": 0.6524691358024691, "researchAndDevelopmentExpenses": 1404000000, "generalAndAdministrativeExpenses": 676000000, "sellingAndMarketingExpenses": 1204000000, "sellingGeneralAndAdministrativeExpenses": 1880000000, "otherExpenses": 0.0, "operatingExpenses": 3284000000, "costAndExpenses": 6662000000, "interestIncome": 211000000, "interestExpense": 21000000, "depreciationAndAmortization": 492000000, "ebitda": 3873000000, "ebitdaratio": 0.3984567901234568, "operatingIncome": 3058000000, "operatingIncomeRatio": 0.3146090534979424, "totalOtherIncomeExpensesNet": 302000000, "incomeBeforeTax": 3360000000, "incomeBeforeTaxRatio": 0.345679012345679, "incomeTaxExpense": 631000000, "netIncome": 2729000000, "netIncomeRatio": 0.280761316872428, "eps": 0.2085613069928315, "epsdiluted": 0.2085613069928315, "weightedAverageShsOut": 12913687420, "weightedAverageShsOutDil": 13084881560, "link": "", "finalLink": ""}, {"date": "2011-06-30", "symbol": "GOOG", "reportedCurrency": "USD", "cik": "0001652044", "fillingDate": "2011-06-30", "acceptedDate": "2011-06-30", "calendarYear": "2011", "period": "Q2", "revenue": 9026000000, "costOfRevenue": 3172000000, "grossProfit": 5854000000, "grossProfitRatio": 0.6485707954797253, "researchAndDevelopmentExpenses": 1234000000, "generalAndAdministrativeExpenses": 648000000, "sellingAndMarketingExpenses": 1091000000, "sellingGeneralAndAdministrativeExpenses": 1739000000, "otherExpenses": 0.0, "operatingExpenses": 2973000000, "costAndExpenses": 6145000000, "interestIncome": 212000000, "interestExpense": 0.0, "depreciationAndAmortization": 455000000, "ebitda": 3540000000, "ebitdaratio": 0.3922003102149346, "operatingIncome": 2881000000, "operatingIncomeRatio": 0.31918900952803014, "totalOtherIncomeExpensesNet": 204000000, "incomeBeforeTax": 3085000000, "incomeBeforeTaxRatio": 0.3417903833370264, "incomeTaxExpense": 580000000, "netIncome": 2505000000, "netIncomeRatio": 0.27753157544870377, "eps": 0.19226612940668864, "epsdiluted": 0.19226612940668864, "weightedAverageShsOut": 12876643320, "weightedAverageShsOutDil": 13028815880, "link": "", "finalLink": ""}, {"date": "2011-03-31", "symbol": "GOOG", "reportedCurrency": "USD", "cik": "0001652044", "fillingDate": "2011-03-31", "acceptedDate": "2011-03-31", "calendarYear": "2011", "period": "Q1", "revenue": 8575000000, "costOfRevenue": 2936000000, "grossProfit": 5639000000, "grossProfitRatio": 0.6576093294460641, "researchAndDevelopmentExpenses": 1226000000, "generalAndAdministrativeExpenses": 591000000, "sellingAndMarketingExpenses": 1026000000, "sellingGeneralAndAdministrativeExpenses": 1617000000, "otherExpenses": 500000000, "operatingExpenses": 3343000000, "costAndExpenses": 6279000000, "interestIncome": 190000000, "interestExpense": 0.0, "depreciationAndAmortization": 401000000, "ebitda": 2793000000, "ebitdaratio": 0.32571428571428573, "operatingIncome": 2296000000, "operatingIncomeRatio": 0.2677551020408163, "totalOtherIncomeExpensesNet": 96000000, "incomeBeforeTax": 2392000000, "incomeBeforeTaxRatio": 0.27895043731778424, "incomeTaxExpense": 594000000, "netIncome": 1798000000, "netIncomeRatio": 0.2096793002915452, "eps": 0.1378550776093265, "epsdiluted": 0.1378550776093265, "weightedAverageShsOut": 12848630460, "weightedAverageShsOutDil": 13042682440, "link": "", "finalLink": ""}, {"date": "2010-12-31", "symbol": "GOOG", "reportedCurrency": "USD", "cik": "0001652044", "fillingDate": "2010-12-31", "acceptedDate": "2010-12-31", "calendarYear": "2010", "period": "Q4", "revenue": 8440000000, "costOfRevenue": 2946000000, "grossProfit": 5494000000, "grossProfitRatio": 0.6509478672985782, "researchAndDevelopmentExpenses": 1051000000, "generalAndAdministrativeExpenses": 559000000, "sellingAndMarketingExpenses": 902000000, "sellingGeneralAndAdministrativeExpenses": 1461000000, "otherExpenses": 0.0, "operatingExpenses": 2512000000, "costAndExpenses": 5458000000, "interestIncome": 176000000, "interestExpense": 0.0, "depreciationAndAmortization": 381000000, "ebitda": 3523000000, "ebitdaratio": 0.41741706161137443, "operatingIncome": 2982000000, "operatingIncomeRatio": 0.3533175355450237, "totalOtherIncomeExpensesNet": 160000000, "incomeBeforeTax": 3142000000, "incomeBeforeTaxRatio": 0.37227488151658766, "incomeTaxExpense": 599000000, "netIncome": 2543000000, "netIncomeRatio": 0.301303317535545, "eps": 0.1954825280729745, "epsdiluted": 0.1954825280729745, "weightedAverageShsOut": 12785451680, "weightedAverageShsOutDil": 13008835240, "link": "", "finalLink": ""}, {"date": "2010-09-30", "symbol": "GOOG", "reportedCurrency": "USD", "cik": "0001652044", "fillingDate": "2010-09-30", "acceptedDate": "2010-09-30", "calendarYear": "2010", "period": "Q3", "revenue": 7286000000, "costOfRevenue": 2552000000, "grossProfit": 4734000000, "grossProfitRatio": 0.6497392259127093, "researchAndDevelopmentExpenses": 994000000, "generalAndAdministrativeExpenses": 532000000, "sellingAndMarketingExpenses": 661000000, "sellingGeneralAndAdministrativeExpenses": 1193000000, "otherExpenses": 0.0, "operatingExpenses": 2187000000, "costAndExpenses": 4739000000, "interestIncome": 172000000, "interestExpense": 0.0, "depreciationAndAmortization": 342000000, "ebitda": 3056000000, "ebitdaratio": 0.41943453197913805, "operatingIncome": 2547000000, "operatingIncomeRatio": 0.34957452648915727, "totalOtherIncomeExpensesNet": 167000000, "incomeBeforeTax": 2714000000, "incomeBeforeTaxRatio": 0.37249519626681304, "incomeTaxExpense": 547000000, "netIncome": 2167000000, "netIncomeRatio": 0.2974197090310184, "eps": 0.16821141776006857, "epsdiluted": 0.16821141776006857, "weightedAverageShsOut": 12732343140, "weightedAverageShsOutDil": 12882597560, "link": "", "finalLink": ""}, {"date": "2010-06-30", "symbol": "GOOG", "reportedCurrency": "USD", "cik": "0001652044", "fillingDate": "2010-06-30", "acceptedDate": "2010-06-30", "calendarYear": "2010", "period": "Q2", "revenue": 6820000000, "costOfRevenue": 2467000000, "grossProfit": 4353000000, "grossProfitRatio": 0.6382697947214077, "researchAndDevelopmentExpenses": 898000000, "generalAndAdministrativeExpenses": 461000000, "sellingAndMarketingExpenses": 629000000, "sellingGeneralAndAdministrativeExpenses": 1090000000, "otherExpenses": 0.0, "operatingExpenses": 1988000000, "costAndExpenses": 4455000000, "interestIncome": 136000000, "interestExpense": 0.0, "depreciationAndAmortization": 342000000, "ebitda": 2776000000, "ebitdaratio": 0.40703812316715543, "operatingIncome": 2365000000, "operatingIncomeRatio": 0.3467741935483871, "totalOtherIncomeExpensesNet": 69000000, "incomeBeforeTax": 2434000000, "incomeBeforeTaxRatio": 0.356891495601173, "incomeTaxExpense": 594000000, "netIncome": 1840000000, "netIncomeRatio": 0.2697947214076246, "eps": 0.1427800622423919, "epsdiluted": 0.1427800622423919, "weightedAverageShsOut": 12721673480, "weightedAverageShsOutDil": 12886953340, "link": "", "finalLink": ""}, {"date": "2010-03-31", "symbol": "GOOG", "reportedCurrency": "USD", "cik": "0001652044", "fillingDate": "2010-03-31", "acceptedDate": "2010-03-31", "calendarYear": "2010", "period": "Q1", "revenue": 6775000000, "costOfRevenue": 2452000000, "grossProfit": 4323000000, "grossProfitRatio": 0.6380811808118081, "researchAndDevelopmentExpenses": 818000000, "generalAndAdministrativeExpenses": 410000000, "sellingAndMarketingExpenses": 607000000, "sellingGeneralAndAdministrativeExpenses": 1017000000, "otherExpenses": 0.0, "operatingExpenses": 1835000000, "costAndExpenses": 4287000000, "interestIncome": 95000000, "interestExpense": 0.0, "depreciationAndAmortization": 331000000, "ebitda": 2837000000, "ebitdaratio": 0.4187453874538745, "operatingIncome": 2488000000, "operatingIncomeRatio": 0.3672324723247232, "totalOtherIncomeExpensesNet": 18000000, "incomeBeforeTax": 2506000000, "incomeBeforeTaxRatio": 0.36988929889298894, "incomeTaxExpense": 551000000, "netIncome": 1955000000, "netIncomeRatio": 0.28856088560885607, "eps": 0.15164644680429587, "epsdiluted": 0.15164644680429587, "weightedAverageShsOut": 12703491100, "weightedAverageShsOutDil": 12891828600, "link": "", "finalLink": ""}, {"date": "2009-12-31", "symbol": "GOOG", "reportedCurrency": "USD", "cik": "0001652044", "fillingDate": "2009-12-31", "acceptedDate": "2009-12-31", "calendarYear": "2009", "period": "Q4", "revenue": 6673825000, "costOfRevenue": 2408400000, "grossProfit": 4265425000, "grossProfitRatio": 0.639127486860983, "researchAndDevelopmentExpenses": 736234000, "generalAndAdministrativeExpenses": 465059000, "sellingAndMarketingExpenses": 583149000, "sellingGeneralAndAdministrativeExpenses": 1048208000, "otherExpenses": 0.0, "operatingExpenses": 1784442000, "costAndExpenses": 4192842000, "interestIncome": 66862000, "interestExpense": 0.0, "depreciationAndAmortization": 365506000, "ebitda": 2934177000, "ebitdaratio": 0.43965447101175115, "operatingIncome": 2480983000, "operatingIncomeRatio": 0.37174828527868203, "totalOtherIncomeExpensesNet": 87688000, "incomeBeforeTax": 2568671000, "incomeBeforeTaxRatio": 0.3848873771787543, "incomeTaxExpense": 594571000, "netIncome": 1974100000, "netIncomeRatio": 0.2957973875551127, "eps": 0.1560846376818873, "epsdiluted": 0.1560846376818873, "weightedAverageShsOut": 12647625220, "weightedAverageShsOutDil": 12647625220, "link": "", "finalLink": ""}, {"date": "2009-09-30", "symbol": "GOOG", "reportedCurrency": "USD", "cik": "0001652044", "fillingDate": "2009-09-30", "acceptedDate": "2009-09-30", "calendarYear": "2009", "period": "Q3", "revenue": 5944851000, "costOfRevenue": 2226240000, "grossProfit": 3718611000, "grossProfitRatio": 0.625517948221074, "researchAndDevelopmentExpenses": 757524000, "generalAndAdministrativeExpenses": 389557000, "sellingAndMarketingExpenses": 497812000, "sellingGeneralAndAdministrativeExpenses": 887369000, "otherExpenses": 0.0, "operatingExpenses": 1644893000, "costAndExpenses": 3871133000, "interestIncome": 46702000, "interestExpense": 0.0, "depreciationAndAmortization": 378623000, "ebitda": 2445164000, "ebitdaratio": 0.41130786961691723, "operatingIncome": 2073718000, "operatingIncomeRatio": 0.34882589992583496, "totalOtherIncomeExpensesNet": -7177000.0, "incomeBeforeTax": 2066541000, "incomeBeforeTaxRatio": 0.3476186366992209, "incomeTaxExpense": 427566000, "netIncome": 1638975000, "netIncomeRatio": 0.27569656497698597, "eps": 0.12827080455717071, "epsdiluted": 0.12827080455717071, "weightedAverageShsOut": 12647625220, "weightedAverageShsOutDil": 12777459420, "link": "", "finalLink": ""}]